@article{Liu2009,
    title = {{2-Dimensional FEM modeling of macrosegregation in the directional solidification with mesh adaptation}},
    year = {2009},
    journal = {Acta Metallurgica Sinica (English Letters)},
    author = {Liu, Weitao and Xie, Changchuan and Bellet, Michel and Combeau, Hervé},
    number = {3},
    month = {6},
    pages = {233--240},
    volume = {22},
    publisher = {No longer published by Elsevier},
    url = {https://www.sciencedirect.com/science/article/pii/S1006719108600940},
    doi = {10.1016/S1006-7191(08)60094-0},
    issn = {1006-7191}
}

@article{Robock2006,
    title = {{20 reasons why geoengineering may be a bad idea}},
    year = {2006},
    journal = {Bulletin of the atomic scientists},
    author = {Robock, Alan},
    number = {2},
    pages = {14--18},
    volume = {64},
    doi = {10.2968/064002006}
}

@article{Convention2006,
    title = {{20 reasons why geoengineering may be a bad idea}},
    year = {2006},
    author = {Robock, Alan},
    number = {2},
    pages = {14--18},
    volume = {64},
    doi = {10.2968/064002006}
}

@article{Griewank2015,
    title = {{A 1-D modelling study of Arctic sea-ice salinity}},
    year = {2015},
    journal = {Cryosphere},
    author = {Griewank, P. J. and Notz, D.},
    number = {1},
    pages = {305--329},
    volume = {9},
    doi = {10.5194/tc-9-305-2015},
    issn = {19940424}
}

@article{Kleidon2010a,
    title = {{A basic introduction to the thermodynamics of the Earth system far from equilibrium and maximum entropy production.}},
    year = {2010},
    journal = {Philosophical transactions of the Royal Society of London. Series B, Biological sciences},
    author = {Kleidon, Axel},
    number = {1545},
    pages = {1303--15},
    volume = {365},
    url = {http://www.pubmedcentral.nih.gov/articlerender.fcgi?artid=2871909&tool=pmcentrez&rendertype=abstract},
    isbn = {0962-8436},
    doi = {10.1098/rstb.2009.0310},
    issn = {1471-2970},
    pmid = {20368248},
    keywords = {Atmosphere, Earth (Planet), Ecosystem, Entropy, Thermodynamics, Water}
}

@article{Martin2000,
    title = {{A cell-centered adaptive projection method for the incompressible Euler equations}},
    year = {2000},
    journal = {Journal of computational Physics},
    author = {Martin, D. F. and Colella, Phillip},
    number = {2},
    pages = {271--312},
    volume = {163},
    url = {http://www.sciencedirect.com/science/article/pii/S0021999100965756%5Cnhttp://pdn.sciencedirect.com/science?_ob=MiamiImageURL&_cid=272570&_user=9112944&_pii=S0021999100965756&_check=y&_origin=article&_zone=toolbar&_coverDate=20-Sep-2000&view=c&originConten},
    doi = {10.1006/jcph.2000.6575},
    issn = {00219991},
    keywords = {adaptive mesh refinement, incompressible flow, projection methods}
}

@article{Martin2008,
    title = {{A cell-centered adaptive projection method for the incompressible Navier-Stokes equations in three dimensions}},
    year = {2008},
    journal = {Journal of Computational Physics},
    author = {Martin, D. F. and Colella, Phillip and Graves, Daniel},
    number = {3},
    pages = {1863--1886},
    volume = {227},
    doi = {10.1016/j.jcp.2007.09.032},
    issn = {00219991},
    keywords = {Adaptive mesh refinement, Incompressible flow, Projection methods}
}

@article{Almgren1998,
    title = {{A Conservative Adaptive Projection Method for the Variable Density Incompressible Navier-Stokes Equations}},
    year = {1998},
    journal = {Journal of Computational Physics},
    author = {Almgren, A. S. and Bell, John B. and Colella, Phillip and Howell, Louis H. and Welcome, Michael L.},
    number = {1},
    pages = {1--46},
    volume = {142},
    doi = {10.1006/jcph.1998.5890},
    issn = {00219991},
    pmid = {23383727},
    keywords = {Adaptive mesh refinement, Incompressible flow, Projection method}
}

@article{Gray1975,
    title = {{A derivation of the equations for multi-phase transport}},
    year = {1975},
    journal = {Chemical Engineering Science},
    author = {Gray, William G.},
    number = {2},
    pages = {229--233},
    volume = {30},
    doi = {10.1016/0009-2509(75)80010-8},
    issn = {00092509}
}

@article{Martin1981a,
    title = {{A Field and Laboratory Study of Wave Damping by Grease Ice}},
    year = {1981},
    journal = {Journal of Glaciology},
    author = {Martin, Seelye and Kauffman, Peter},
    number = {96},
    pages = {283--313},
    volume = {27}
}

@article{Dehghani2018,
    title = {{A finite difference solution for freezing brine on cold substrates of spongy ice}},
    year = {2018},
    journal = {International Journal of Heat and Fluid Flow},
    author = {Dehghani, S.R. and Muzychka, Y.S. and Naterer, G.F.},
    number = {January},
    pages = {174--184},
    volume = {69},
    publisher = {Elsevier},
    url = {http://linkinghub.elsevier.com/retrieve/pii/S0142727X16306130},
    doi = {10.1016/j.ijheatfluidflow.2018.01.003},
    issn = {0142727X},
    keywords = {Cold substrate, Finite difference, Ice accretion, Method of lines, Spongy ice}
}

@article{Moon2011,
    title = {{A low-order theory of Arctic sea ice stability}},
    year = {2011},
    journal = {EPL (Europhysics Letters)},
    author = {Moon, W. and Wettlaufer, J. S.},
    number = {3},
    pages = {39001},
    volume = {96},
    url = {http://stacks.iop.org/0295-5075/96/i=3/a=39001?key=crossref.137a197220cc90f83a2dd4c5f67201cd},
    doi = {10.1209/0295-5075/96/39001},
    issn = {0295-5075},
    arxivId = {arXiv:1109.1814v2}
}

@article{Tracey2015,
    title = {{A Machine Learning Strategy to Assist Turbulence Model Development}},
    year = {2015},
    journal = {53rd AIAA Aerospace Sciences Meeting},
    author = {Tracey, Brendan D and Duraisamy, Karthikeyan and Alonso, Juan J},
    number = {January},
    pages = {1--22},
    url = {http://dx.doi.org/10.2514/6.2015-1287},
    isbn = {978-1-62410-343-8},
    doi = {doi:10.2514/6.2015-1287},
    issn = {978-1-62410-343-8}
}

@article{Feng2017,
    title = {{A Mass-Conservative Adaptive FAS Multigrid Solver Based for Cell-Centered Finite Difference Methods on Block-Structured , Locally-Cartesian Grids}},
    year = {2017},
    author = {Feng, Wenqiang and Guo, Zhenlin and Lowengrub, John S and Wise, Steven M},
    number = {1},
    pages = {1--47},
    volume = {92697},
    keywords = {abstract, block-, block-structured, cell-centered, fas, finite difference methods on, finite differences, full approximation storage, full approximation storage scheme, locally-cartesian adaptive meshes, multigrid, multigrid solver for cell-centered, we present a mass-conservative}
}

@book{Briggs2000,
    title = {{A multigrid tutorial}},
    year = {2000},
    author = {Briggs, William L and McCormick, Steve F and Henson, Van E},
    publisher = {Society for Industrial and Applied Mathematics},
    isbn = {9780898714623}
}

@article{Wu2010,
    title = {{A new one-dimensional radiative equilibrium model for investigating atmospheric radiation entropy flux.}},
    year = {2010},
    journal = {Philosophical transactions of the Royal Society of London. Series B, Biological sciences},
    author = {Wu, Wei and Liu, Yangang},
    number = {1545},
    pages = {1367--76},
    volume = {365},
    url = {http://www.pubmedcentral.nih.gov/articlerender.fcgi?artid=2871903&tool=pmcentrez&rendertype=abstract},
    doi = {10.1098/rstb.2009.0301},
    issn = {1471-2970},
    pmid = {20368255},
    keywords = {Atmosphere, Climate, Earth (Planet), Entropy, Greenhouse Effect, Models, Theoretical, Radiation}
}

@article{Schulze1998,
    title = {{A numerical investigation of steady convection in mushy layers during the directional solidification of binary alloys}},
    year = {1998},
    journal = {Journal of Fluid Mechanics},
    author = {Schulze, T. P. and Worster, M. G.},
    pages = {199--220},
    volume = {356},
    doi = {10.1017/S0022112097007878},
    issn = {00221120}
}

@article{Notz2006,
    title = {{A one-dimensional enthalpy model of sea ice}},
    year = {2006},
    journal = {Annals of Glaciology},
    author = {Notz, D. and Worster, M. G.},
    pages = {123--128},
    volume = {44},
    doi = {10.3189/172756406781811196},
    issn = {02603055}
}

@article{Pau2009,
    title = {{A parallel second-order adaptive mesh algorithm for incompressible flow in porous media}},
    year = {2009},
    journal = {Philosophical Transactions of the Royal Society A: Mathematical, Physical and Engineering Sciences},
    author = {Pau, G. S. H. and Almgren, A. S. and Bell, J. B. and Lijewski, M. J.},
    number = {1907},
    pages = {4633--4654},
    volume = {367},
    url = {http://rsta.royalsocietypublishing.org/cgi/doi/10.1098/rsta.2009.0160},
    doi = {10.1098/rsta.2009.0160},
    issn = {1364-503X},
    pmid = {19840985},
    keywords = {adaptive mesh refinement, darcy flow, porous media}
}

@article{ReesJones2014,
    title = {{A physically based parameterization of gravity drainage for sea-ice modeling}},
    year = {2014},
    journal = {J. Geophys. Res. Oceans},
    author = {Rees Jones, D. W. and Worster, M. G.},
    number = {1},
    pages = {5599–5621},
    volume = {119},
    isbn = {2169-9291},
    doi = {10.1002/2014JC010066.Received},
    issn = {21699275}
}

@article{Bell1989,
    title = {{A Second-Order Incompressible Projection Method for the Navier-Stokes Equations}},
    year = {1989},
    journal = {Journal of computational physics},
    author = {Bell, John B and Colella, Phillip and Glaz, Harland M},
    number = {85},
    pages = {257--283},
    volume = {283},
    isbn = {0021-9991},
    doi = {10.1016/0021-9991(89)90151-4},
    issn = {00219991}
}

@article{Dubey2014,
    title = {{A survey of high level frameworks in block-structured adaptive mesh refinement packages}},
    year = {2014},
    journal = {Journal of Parallel and Distributed Computing},
    author = {Dubey, Anshu and Almgren, A. S. and Bell, John and Berzins, Martin and Brandt, Steve and Bryan, Greg and Colella, Phillip and Graves, Daniel and Lijewski, Michael and L{\"{o}}ffler, Frank and O'Shea, Brian and Schnetter, Erik and Van Straalen, Brian and Weide, Klaus},
    number = {12},
    pages = {3217--3227},
    volume = {74},
    publisher = {Elsevier Inc.},
    url = {http://dx.doi.org/10.1016/j.jpdc.2014.07.001},
    doi = {10.1016/j.jpdc.2014.07.001},
    issn = {07437315},
    arxivId = {1610.08833},
    keywords = {BoxLib, Cactus, Chombo, Enzo, FLASH, SAMR, Uintah}
}

@article{Hills1983,
    title = {{A Thermodynamically Consistent Model of a Mushy Zone}},
    year = {1983},
    journal = {Q Jl Mech. appl. Math.},
    author = {Hills, R N and Loper, D E and Roberts, P H},
    number = {2},
    volume = {36}
}

@article{Lovett2015,
    title = {{Adaptive mesh refinement for compressible thermal flow in porous media}},
    year = {2015},
    journal = {Journal of Computational Physics},
    author = {Lovett, Sean and Nikiforakis, Nikolaos and Monmont, Franck},
    pages = {21--36},
    volume = {280},
    publisher = {Elsevier Inc.},
    url = {http://dx.doi.org/10.1016/j.jcp.2014.09.017},
    isbn = {0021-9991},
    doi = {10.1016/j.jcp.2014.09.017},
    issn = {10902716},
    keywords = {AMR, Phase equilibrium, Porous media, Shock-capturing}
}

@article{Pretorius2006,
    title = {{Adaptive mesh refinement for coupled elliptic-hyperbolic systems}},
    year = {2006},
    journal = {Journal of Computational Physics},
    author = {Pretorius, Frans and Choptuik, Matthew W.},
    number = {1},
    pages = {246--274},
    volume = {218},
    doi = {10.1016/j.jcp.2006.02.011},
    issn = {00219991},
    arxivId = {gr-qc/0508110},
    keywords = {Adaptive mesh refinement, Coupled elliptic-hyperbolic systems, Finite different methods, Numerical methods, Numerical relativity}
}

@article{Pretorius2006a,
    title = {{Adaptive mesh refinement for coupled elliptic-hyperbolic systems}},
    year = {2006},
    journal = {Journal of Computational Physics},
    author = {Pretorius, Frans and Choptuik, Matthew W.},
    number = {1},
    pages = {246--274},
    volume = {218},
    doi = {10.1016/j.jcp.2006.02.011},
    issn = {00219991},
    arxivId = {gr-qc/0508110},
    keywords = {Adaptive mesh refinement, Coupled elliptic-hyperbolic systems, Finite different methods, Numerical methods, Numerical relativity}
}

@article{Berger1984,
    title = {{Adaptive mesh refinement for hyperbolic partial differential equations}},
    year = {1984},
    journal = {Journal of Computational Physics},
    author = {Berger, Marsha J. and Oliger, Joseph},
    number = {3},
    pages = {484--512},
    volume = {53},
    isbn = {0021-9991},
    doi = {10.1016/0021-9991(84)90073-1},
    issn = {10902716}
}

@article{Cornford2013,
    title = {{Adaptive mesh, finite volume modeling of marine ice sheets}},
    year = {2013},
    journal = {Journal of Computational Physics},
    author = {Cornford, Stephen L. and Martin, D. F. and Graves, Daniel T. and Ranken, Douglas F. and Le Brocq, Anne M. and Gladstone, Rupert M. and Payne, Antony J. and Ng, Esmond G. and Lipscomb, William H.},
    number = {1},
    pages = {529--549},
    volume = {232},
    publisher = {Elsevier Inc.},
    url = {http://dx.doi.org/10.1016/j.jcp.2012.08.037},
    isbn = {0021-9991},
    doi = {10.1016/j.jcp.2012.08.037},
    issn = {00219991},
    keywords = {Adaptive mesh refinement, Free surface problems, Grounding line, Marine ice sheets}
}

@phdthesis{Martin1998,
    title = {{An Adaptive Cell-Centered Projection Method for the Incompressible Euler Equations}},
    year = {1998},
    author = {Martin, D. F.},
    pages = {216},
    school = {University of California at Berkeley}
}

@article{Lohner1987,
    title = {{An adaptive finite element scheme for transient problems in CFD}},
    year = {1987},
    journal = {Computer Methods in Applied Mechanics and Engineering},
    author = {L{\"{o}}hner, Rainald},
    number = {3},
    pages = {323--338},
    volume = {61},
    doi = {10.1016/0045-7825(87)90098-3},
    issn = {00457825}
}

@article{Niedrauer1979,
    title = {{An experimental study of brine drainage and convection young sea ice}},
    year = {1979},
    journal = {Journal of Geophysical Research},
    author = {Niedrauer, Terren M and Martin, Seelye},
    number = {8},
    pages = {1176},
    volume = {84},
    url = {http://adsabs.harvard.edu/cgi-bin/nph-data_query?bibcode=1979JGR....84.1176N&link_type=ABSTRACT%5Cnpapers2://publication/doi/10.1029/JC084iC03p01176},
    isbn = {0148-0227},
    doi = {10.1029/JC084iC03p01176},
    issn = {0148-0227},
    keywords = {http://dx.doi.org/10.1029/JC084iC03p01176, doi:10.}
}

@article{Mellor1989,
    title = {{An Ice-Ocean Coupled Model}},
    year = {1989},
    journal = {Journal of Geophysical Research},
    author = {Mellor, George L},
    number = {89},
    pages = {937--954},
    volume = {94}
}

@article{Melnikov1995,
    title = {{An in situ experimental study of young sea ice formation on an Antarctic lead}},
    year = {1995},
    journal = {Journal of Geophysical Research},
    author = {Melnikov, I},
    number = {C3},
    pages = {4673--4680},
    volume = {100},
    url = {http://dx.doi.org/10.1029/94JC02354},
    doi = {10.1029/94JC02354},
    keywords = {doi:10.1029/94JC02354, http://dx.doi.org/10.1029/94JC02354}
}

@book{Pilson2013,
    title = {{An Introduction to the Chemistry of the Sea}},
    year = {2013},
    author = {Pilson, M E Q},
    publisher = {Cambridge University Press},
    url = {https://books.google.co.uk/books?id=Fydma-RSBHAC},
    isbn = {9780521887076}
}

@misc{Saltzman1994,
    title = {{An unsplit 3D upwind method for hyperbolic conservation laws}},
    year = {1994},
    booktitle = {Journal of Computational Physics},
    author = {Saltzman, Jeff},
    number = {1},
    pages = {153--168},
    volume = {115},
    doi = {10.1006/jcph.1994.1184},
    issn = {00219991}
}

@article{Thomas2002,
    title = {{Antarctic sea ice - A habitat for extremophiles}},
    year = {2002},
    journal = {Science},
    author = {Thomas, D. N. and Dieckmann, G. S.},
    number = {5555},
    pages = {641--644},
    volume = {295},
    isbn = {0036-8075},
    doi = {10.1126/science.1063391},
    issn = {00368075},
    pmid = {11809961}
}

@article{Parkinson2008,
    title = {{Arctic sea ice variability and trends, 1979-2006}},
    year = {2008},
    journal = {Journal Of Geophysical Research-Oceans},
    author = {Parkinson, Claire L and Cavalieri, Donald J},
    number = {C7},
    pages = {C07003},
    volume = {113},
    url = {http://www.ncbi.nlm.nih.gov/entrez/query.fcgi?db=pubmed&cmd=Retrieve&dopt=AbstractPlus&list_uids=000257432800002\npapers2://publication/doi/10.1029/2007JC004558},
    isbn = {1994-0416},
    doi = {10.1029/2007JC004558},
    issn = {0148-0227}
}

@article{cavalieri-parkinson-12,
    title = {{Arctic sea ice variability and trends, 1979–2010}},
    year = {2012},
    journal = {The Cryosphere},
    author = {Cavalieri, D J and Parkinson, C L},
    pages = {881--889},
    volume = {6},
    url = {http://dx.doi.org/10.5194/tc-6-881-2012},
    doi = {10.5194/tc-6-881-2012}
}

@article{Sevellec2017,
    title = {{Arctic sea-ice decline weakens the Atlantic Meridional Overturning Circulation}},
    year = {2017},
    journal = {Nature Climate Change},
    author = {S{\'{e}}vellec, Florian and Fedorov, Alexey V. and Liu, Wei},
    number = {8},
    pages = {604--610},
    volume = {7},
    url = {http://www.nature.com/doifinder/10.1038/nclimate3353},
    doi = {10.1038/nclimate3353},
    issn = {1758-678X}
}

@article{Tziperman2011,
    title = {{Biologically induced initiation of Neoproterozoic snowball-Earth events.}},
    year = {2011},
    journal = {Proceedings of the National Academy of Sciences of the United States of America},
    author = {Tziperman, Eli and Halevy, Itay and Johnston, David T and Knoll, Andrew H and Schrag, Daniel P},
    number = {37},
    pages = {15091--6},
    volume = {108},
    url = {http://www.pnas.org/content/108/37/15091.full#F3},
    isbn = {1091-6490 (Electronic){\textbackslash}r0027-8424 (Linking)},
    doi = {10.1073/pnas.1016361108},
    issn = {1091-6490},
    pmid = {21825156},
    keywords = {Aerobiosis, Bacteria, Bacteria: metabolism, Earth (Planet), Ice Cover, Minerals, Minerals: chemistry, Seawater, Seawater: microbiology, Snow, Time Factors}
}

@article{Jacobs2004,
    title = {{Bottom water production and its links with the thermohaline circulation}},
    year = {2004},
    journal = {Antarctic Science},
    author = {Jacobs, Stanley S.},
    number = {4},
    pages = {427--437},
    volume = {16},
    url = {http://journals.cambridge.org/article_S095410200400224X},
    doi = {10.1017/S095410200400224X},
    issn = {0954-1020},
    keywords = {1872, 76, Antarctic, Southern, antarctic, challenger expedition of, first measured during the, seawater density, slope front, southern ocean, the deep, the frigid temperatures of, the global thermohaline circulation, water masses, water properties}
}

@article{Doering2006,
    title = {{Bounds on vertical heat transport for infinite-Prandtl-number Rayleigh-Benard convection}},
    year = {2006},
    journal = {Journal of Fluid Mechanics},
    author = {Doering, C. R. and Otto, F. and Reznikoff, M. G.},
    number = {2006},
    pages = {229--241},
    volume = {560},
    url = {http://journals.cambridge.org/action/displayAbstract?fromPage=online&aid=455340%5Cnpapers2://publication/doi/10.1017/S0022112006000097},
    isbn = {0022112006},
    doi = {10.1017/S0022112006000097},
    issn = {0022-1120}
}

@article{Wells2011,
    title = {{Brine fluxes from growing sea ice}},
    year = {2011},
    journal = {Geophysical Research Letters},
    author = {Wells, A. J. and Wettlaufer, J. S. and Orszag, S. A.},
    number = {4},
    pages = {1--5},
    volume = {38},
    doi = {10.1029/2010GL046288},
    issn = {00948276},
    keywords = {http://dx.doi.org/10.1029/2010GL046288, doi:10.102}
}

@article{Backstrom2006,
    title = {{Capacitance probe measurements of brine volume and bulk salinity in first-year sea ice}},
    year = {2006},
    journal = {Cold Regions Science and Technology},
    author = {Backstrom, Lars G E and Eicken, Hajo},
    pages = {167--180},
    volume = {46},
    doi = {10.1016/j.coldregions.2006.08.018},
    keywords = {brine inclusion morphology, brine volume fraction, bulk salinity, capacitance, complex dielectric permittivity, sea ice}
}

@article{Kumar2011,
    title = {{Channel segregation during columnar solidification influence of inertia}},
    year = {2011},
    journal = {AIP Conference Proceedings},
    author = {Kumar, Arvin and Zalo{\v{z}}nik, Miha and Combeau, Hervé and Goyeau, B. and Gobin, D.},
    number = {1},
    pages = {43--48},
    volume = {1453},
    isbn = {9780735410534},
    doi = {10.1063/1.4711151},
    issn = {15517616},
    keywords = {Forchheimer term, Macroscopic model, Segregated channels, Solidification}
}

@misc{Chombo,
    title = {{Chombo Software Package for AMR Applications - Design Document}},
    year = {2016},
    author = {Adams, M. and Colella, P. and Graves, D. T. and Johnson, J. N. and Keen, N. D. and Ligocki, T. J. and Martin, D. F. and McCorquodale, P. W. and Modiano, D. and Schwartz, P. O. and Sternberg, T. D. and Van Straalen, B.},
    publisher = {Lawrence Berkeley National Laboratory Technical Report LBNL-6616E}
}

@article{Galley2013,
    title = {{Classical Mechanics of Nonconservative Systems}},
    year = {2013},
    author = {Galley, Chad R},
    number = {April},
    pages = {1--5},
    volume = {174301},
    doi = {10.1103/PhysRevLett.110.174301}
}

@article{Galley2013a,
    title = {{Classical mechanics of nonconservative systems}},
    year = {2013},
    journal = {Physical Review Letters},
    author = {Galley, Chad R.},
    number = {17},
    pages = {1--5},
    volume = {110},
    isbn = {0031-9007},
    doi = {10.1103/PhysRevLett.110.174301},
    issn = {00319007},
    pmid = {23679733},
    arxivId = {1210.2745}
}

@article{Golden2009a,
    title = {{Climate change and the mathematics of transport in sea ice}},
    year = {2009},
    journal = {Notices of the AMS},
    author = {Golden, K.},
    number = {5},
    pages = {562--584},
    volume = {56},
    issn = {00029920}
}

@article{Golden2009,
    title = {{Climate change and the mathematics of transport in sea ice}},
    year = {2009},
    journal = {Notices of the AMS},
    author = {Golden, K.},
    number = {5},
    pages = {562--584},
    volume = {56},
    issn = {00029920}
}

@article{Stephens2005,
    title = {{Cloud feedbacks in the climate system: A critical review}},
    year = {2005},
    journal = {Journal of Climate},
    author = {Stephens, Graeme L.},
    number = {2},
    pages = {237--273},
    volume = {18},
    isbn = {0894-8755},
    doi = {10.1175/JCLI-3243.1},
    issn = {08948755}
}

@article{Golden2017,
    title = {{Cold Regions Science and Technology Metrics for interpreting the microstructure of sea ice using X-ray micro-computed tomography}},
    year = {2017},
    journal = {Cold Regions Science and Technology},
    author = {Golden, E J and Obbard, R W},
    pages = {24--35},
    volume = {138},
    publisher = {The Authors},
    url = {http://dx.doi.org/10.1016/j.coldregions.2017.03.001},
    doi = {10.1016/j.coldregions.2017.03.001},
    issn = {0165-232X},
    keywords = {Brine channel microstructure, Sea ice, X-ray micro-computed tomography, x-ray micro-computed tomography}
}

@article{Assur1960,
    title = {{Composition of Sea Ice and its Tensile Strength}},
    year = {1960},
    journal = {SIPRE Research Report},
    author = {Assur, Andrew},
    pages = {54},
    volume = {44},
    url = {http://acwc.sdp.sirsi.net/client/search/asset/1020720;jsessionid=00DF7520A84A497B6D1BEC7CFE2E3A36.enterprise-15000}
}

@article{Tait1992,
    title = {{Compositional convection in a reactive crystalline mush and melt differentiation}},
    year = {1992},
    journal = {Journal of Geophysical Research},
    author = {Tait, Stephen and Jaupart, Claude},
    number = {B5},
    pages = {6735--6756},
    volume = {97},
    url = {http://onlinelibrary.wiley.com.biblioplanets.gate.inist.fr/doi/10.1029/92JB00016/abstract%5Cnhttp://doi.wiley.com/10.1029/92JB00016},
    isbn = {0148-0227},
    doi = {10.1029/92JB00016},
    issn = {0148-0227},
    keywords = {doi:10.1029/92JB00016, http://dx.doi.org/10.1029/92JB00016}
}

@article{Emms1994,
    title = {{Compositional convection in the solidification of binary alloys}},
    year = {1994},
    journal = {Journal of Fluid Mechanics},
    author = {Emms, P. W. and Fowler, a. C.},
    number = {-1},
    pages = {111},
    volume = {262},
    doi = {10.1017/S0022112094000443},
    issn = {0022-1120}
}

@article{Whiteoak2008,
    title = {{Conditions for defect-free solidification of aqueous ammonium chloride in a quasi two-dimensional directional solidification facility}},
    year = {2008},
    journal = {Journal of Crystal Growth},
    author = {Whiteoak, S. H. and Huppert, Herbert E. and Worster, M. G.},
    number = {15},
    pages = {3545--3551},
    volume = {310},
    doi = {10.1016/j.jcrysgro.2008.04.046},
    issn = {00220248},
    keywords = {A1. Directional solidification, B1. Chimneys, B1. Mushy layer}
}

@article{Bergman1997,
    title = {{Convection and channel formation in solidifying Pb-Sn alloys}},
    year = {1997},
    journal = {Metallurgical and Materials Transactions A},
    author = {Bergman, Michael I. and Fearn, David R. and Bloxham, Jeremy and Shannon, Margarita C},
    number = {March},
    pages = {859--866},
    volume = {28},
    url = {http://link.springer.com/article/10.1007/s11661-997-1014-5},
    doi = {10.1007/s11661-997-0073-y},
    issn = {1073-5623}
}

@article{horton-rogers-45,
    title = {{Convection currents in a porous medium}},
    year = {1945},
    journal = {J. Appl. Phys.},
    author = {Horton, C. W. and Rogers, F. T.},
    pages = {367--370},
    volume = {16}
}

@article{Worster1997,
    title = {{Convection in mushy layers}},
    year = {1997},
    journal = {Annu. Rev. Fluid Mech.},
    author = {Worster, M. G.},
    pages = {91--122},
    volume = {29}
}

@book{nield-bejan-06,
    title = {{Convection in Porous Media}},
    year = {2012},
    author = {Nield, D a and Bejan, A},
    publisher = {Springer-Verlag},
    url = {https://books.google.com.my/books?id=tG8sxSHrPEIC},
    isbn = {9781461455417}
}

@article{lapwood-48,
    title = {{Convection of a fluid in a porous medium}},
    year = {1948},
    journal = {Proc. Camb. Phil. Soc.},
    author = {Lapwood, E R},
    pages = {508--521},
    volume = {44}
}

@article{Jenkins2011,
    title = {{Convection-driven melting near the grounding lines of ice shelves and tidewater glaciers}},
    year = {2011},
    journal = {Journal of Physical Oceanography},
    author = {Jenkins, Adrian},
    number = {12},
    pages = {2279--2294},
    volume = {41},
    url = {http://journals.ametsoc.org/doi/abs/10.1175/JPO-D-11-03.1},
    isbn = {0022-3670},
    doi = {10.1175/JPO-D-11-03.1},
    issn = {0022-3670}
}

@phdthesis{Worster1983,
    title = {{Convective Flow Problems in Geological Fluid Mechanics}},
    year = {1983},
    author = {Worster, M. G.},
    school = {Cambridge University}
}

@article{Neufeld2006,
    title = {{Corrigendum}},
    year = {2006},
    journal = {Journal of Fluid Mechanics},
    author = {Neufeld, J. A. and Wettlaufer, J. S. and Feltham, D. L. and Worster, M. G.},
    number = {-1},
    pages = {442},
    volume = {549},
    url = {http://www.journals.cambridge.org/abstract_S002211200500813X},
    doi = {10.1017/S002211200500813X},
    issn = {0022-1120}
}

@article{Neufeld2006b,
    title = {{Corrigendum}},
    year = {2006},
    journal = {Journal of Fluid Mechanics},
    author = {Neufeld, J A and Wettlaufer, J. S. and Feltham, D L and Worster, M. G.},
    number = {-1},
    pages = {442},
    volume = {549},
    url = {http://www.journals.cambridge.org/abstract%7B_%7DS002211200500813X},
    doi = {10.1017/S002211200500813X},
    issn = {0022-1120}
}

@article{Yang1997,
    title = {{Decadal variability in coupled sea-ice-thermohaline circulation systems}},
    year = {1997},
    journal = {Journal of Climate},
    author = {Yang, Jiayan and Neelin, J. David},
    number = {12},
    pages = {3059--3076},
    volume = {10},
    doi = {10.1175/1520-0442(1997)010<3059:DVICSI>2.0.CO;2},
    issn = {08948755}
}

@article{Talley2003,
    title = {{Deep convection and brine rejection in the Japan Sea}},
    year = {2003},
    journal = {Geophysical Research Letters},
    author = {Talley, Lynne D. and Lobanov, V and Ponomarev, V and Salyuk, A and Tishchenko, P and Zhabin, I and Riser, S},
    number = {4},
    pages = {1159},
    volume = {30},
    url = {http://dx.doi.org/10.1029/2002GL016451},
    isbn = {0094-8276},
    doi = {10.1029/2002GL016451},
    issn = {1944-8007},
    keywords = {4215 Climate and interannual variability, 4243 Marginal and semienclosed seas, 4283 Water masses}
}

@article{Arthun2011,
    title = {{Dense water formation and circulation in the Barents Sea}},
    year = {2011},
    journal = {Deep-Sea Research Part I: Oceanographic Research Papers},
    author = {{\AA}rthun, M. and Ingvaldsen, R. B. and Smedsrud, L. H. and Schrum, C.},
    number = {8},
    pages = {801--817},
    volume = {58},
    doi = {10.1016/j.dsr.2011.06.001},
    issn = {09670637},
    keywords = {Barents sea, Cold Deep Water, Dense water, HAMSOM, Ocean modeling, Sea-ice, Water mass transformation}
}

@article{Shcherbina2004,
    title = {{Dense water formation on the northwestern shelf of the Okhotsk Sea: 1. Direct observations of brine rejection}},
    year = {2004},
    journal = {Journal of Geophysical Research C: Oceans},
    author = {Shcherbina, Andrey Y. and Talley, Lynne D. and Rudnick, Daniel L.},
    number = {9},
    pages = {1--14},
    volume = {109},
    isbn = {0148-0227},
    doi = {10.1029/2003JC002196},
    issn = {01480227},
    keywords = {Brine rejection, Dense water formation, Okhotsk Sea}
}

@article{Notz2009,
    title = {{Desalination processes of sea ice revisited}},
    year = {2009},
    journal = {Journal of Geophysical Research},
    author = {Notz, D. and Worster, M. G.},
    number = {C5},
    pages = {C05006},
    volume = {114},
    url = {http://doi.wiley.com/10.1029/2008JC004885 http://dx.doi.org/10.1029/2008JC004885},
    doi = {10.1029/2008JC004885},
    issn = {0148-0227}
}

@article{Slingo2009,
    title = {{Developing the next-generation climate system models: challenges and achievements}},
    year = {2009},
    journal = {Philosophical Transactions of the Royal Society A: Mathematical, Physical and Engineering Sciences},
    author = {Slingo, J. and Bates, K. and Nikiforakis, N. and Piggott, M. and Roberts, M. and Shaffrey, L. and Stevens, I. and Vidale, P. L. and Weller, H.},
    number = {1890},
    pages = {815--831},
    volume = {367},
    url = {http://rsta.royalsocietypublishing.org/cgi/doi/10.1098/rsta.2008.0207},
    doi = {10.1098/rsta.2008.0207},
    issn = {1364-503X},
    keywords = {climate modelling, complex systems, numerical methods}
}

@article{Hitchen2015,
    title = {{Developments in a Model of Convective Instability in Young Sea Ice}},
    year = {2015},
    author = {Hitchen, Joseph and Wells, A. J.}
}

@article{Shcherbina2003,
    title = {{Direct observations of North Pacific ventilation: brine rejection in the Okhotsk Sea.}},
    year = {2003},
    journal = {Science (New York, N.Y.)},
    author = {Shcherbina, Andrey Y. and Talley, Lynne D. and Rudnick, Daniel L.},
    number = {5652},
    pages = {1952--1955},
    volume = {302},
    isbn = {0036-8075},
    doi = {10.1126/science.1088692},
    issn = {0036-8075},
    pmid = {14671300}
}

@article{Maslanik2011,
    title = {{Distribution and trends in Arctic sea ice age through spring 2011}},
    year = {2011},
    journal = {Geophysical Research Letters},
    author = {Maslanik, James and Stroeve, Julienne and Fowler, Charles and Emery, William},
    number = {13},
    pages = {2--7},
    volume = {38},
    isbn = {1944-8007},
    doi = {10.1029/2011GL047735},
    issn = {00948276},
    keywords = {http://dx.doi.org/10.1029/2011GL047735, doi:10.102}
}

@book{bear1972dynamics,
    title = {{Dynamics of Fluids in Porous Media}},
    year = {1972},
    author = {Bear, J},
    series = {Dover Civil and Mechanical Engineering Series},
    publisher = {Dover},
    url = {https://books.google.co.uk/books?id=-XEaxd3hGzoC},
    isbn = {9780486656755}
}

@article{Lipps1971,
    title = {{Dynamics of Variable Wavelength in Finite-Amplitude Bénard Convection}},
    year = {1971},
    journal = {Physics of Fluids},
    author = {Lipps, Frank B. and Somerville, Richard C. J.},
    number = {4},
    pages = {759},
    volume = {14},
    url = {http://scitation.aip.org/content/aip/journal/pof1/14/4/10.1063/1.1693502},
    doi = {10.1063/1.1693502},
    issn = {00319171}
}

@article{Lipps1971b,
    title = {{Dynamics of Variable Wavelength in Finite-Amplitude Bénard Convection}},
    year = {1971},
    journal = {Physics of Fluids},
    author = {Lipps, Frank B and Somerville, Richard C J},
    number = {4},
    pages = {759},
    volume = {14},
    url = {http://scitation.aip.org/content/aip/journal/pof1/14/4/10.1063/1.1693502},
    doi = {10.1063/1.1693502},
    issn = {00319171}
}

@incollection{Haas2010,
    title = {{Dynamics Versus Thermodynamics: The Sea Ice Thickness Distribution}},
    year = {2010},
    booktitle = {Sea Ice},
    author = {Haas, Christian},
    editor = {Dieckmann, Gerhard and Thomas, David},
    chapter = {4},
    edition = {2},
    pages = {113--151},
    publisher = {Wiley-Blackwell},
    isbn = {9781405185806},
    doi = {10.1002/9781444317145.ch4},
    keywords = {Changes of sea ice coverage - commonly taken as in, Dynamics versus thermodynamics - sea ice thickness, ESA's ERS and Envisat satellites carrying Ku-band, Electromagnetic induction (EMI) sounding, Global sea ice thickness distributions, Melting patterns corresponding to large-scale mete, Moderate Resolution Imaging Spectroradiometer (MOD, Moored upward looking sonars (ULS) and electromagn, Predicting ice thickness distribution, Two coupled ice-ocean models at Alfred Wegener Ins}
}

@article{Hansen2011,
    title = {{Earth's energy imbalance and implications}},
    year = {2011},
    journal = {Atmospheric Chemistry and Physics},
    author = {Hansen, J. and Sato, M. and Kharecha, P. and Von Schuckmann, K.},
    number = {24},
    pages = {13421--13449},
    volume = {11},
    isbn = {1127031201},
    doi = {10.5194/acp-11-13421-2011},
    issn = {16807316},
    pmid = {74271824},
    arxivId = {1105.1140}
}

@article{Stewart2015a,
    title = {{Eddy-mediated transport of warm Circumpolar Deep Water across the Antarctic Shelf Break}},
    year = {2015},
    journal = {Geophysical Research Letters},
    author = {Stewart, Andrew L. and Thompson, Andrew F.},
    number = {2},
    pages = {432--440},
    volume = {42},
    doi = {10.1002/2014GL062281},
    issn = {19448007},
    keywords = {Antarctic bottom water, Antarctic slope front, Circumpolar Deep Water, Mesoscale eddies}
}

@article{Stewart2015,
    title = {{Eddy-mediated transport of warm Circumpolar Deep Water across the Antarctic Shelf Break}},
    year = {2015},
    journal = {Geophysical Research Letters},
    author = {Stewart, Andrew L. and Thompson, Andrew F.},
    number = {2},
    pages = {432--440},
    volume = {42},
    doi = {10.1002/2014GL062281},
    issn = {19448007},
    keywords = {Antarctic bottom water, Antarctic slope front, Circumpolar Deep Water, Mesoscale eddies}
}

@article{Vihma2014,
    title = {{Effects of Arctic Sea Ice Decline on Weather and Climate : A Review}},
    year = {2014},
    journal = {Surv. Geophys.},
    author = {Vihma, Timo},
    pages = {1175--1214},
    volume = {35},
    isbn = {1071201492},
    doi = {10.1007/s10712-014-9284-0}
}

@book{Vihma2014a,
    title = {{Effects of Arctic Sea Ice Decline on Weather and Climate: A Review}},
    year = {2014},
    booktitle = {Surveys in Geophysics},
    author = {Vihma, Timo},
    number = {5},
    pages = {1175--1214},
    volume = {35},
    isbn = {1071201492},
    doi = {10.1007/s10712-014-9284-0},
    issn = {01693298},
    keywords = {Arctic, Climate change, Mid-latitude weather, Sea ice, Snow, Winter weather}
}

@article{Eby1999,
    title = {{Effects of sinking of salt rejected during formation of sea ice on}},
    year = {1999},
    journal = {Contract},
    author = {Eby, M},
    number = {12},
    pages = {1739--1742},
    volume = {26},
    doi = {10.1029/1999GL900286},
    issn = {1944-8007},
    keywords = {http://dx.doi.org/10.1029/1999GL900286, doi:10.102}
}

@article{Duffy1999a,
    title = {{Effects of sinking of salt rejected during formation of sea ice on}},
    year = {1999},
    journal = {Geophysical Research Letters},
    author = {Duffy, P.B. and Eby, M. and Weaver, A.J.},
    number = {12},
    pages = {1739--1742},
    volume = {26},
    doi = {10.1029/1999GL900286},
    issn = {1944-8007},
    keywords = {doi:10.102, http://dx.doi.org/10.1029/1999GL900286, doi:10.102}
}

@article{Duffy1999,
    title = {{Effects of sinking of salt rejected during formation of sea ice on}},
    year = {1999},
    journal = {Geophysical Research Letters},
    author = {Duffy, P.B. and Eby, M. and Weaver, A.J.},
    number = {12},
    pages = {1739--1742},
    volume = {26},
    doi = {10.1029/1999GL900286},
    issn = {1944-8007},
    keywords = {doi:10.102, http://dx.doi.org/10.1029/1999GL900286, doi:10.102}
}

@article{Gent2016a,
    title = {{Effects of Southern Hemisphere Wind Changes on the Meridional Overturning Circulation in Ocean Models}},
    year = {2016},
    author = {Gent, Peter R},
    doi = {10.1146/annurev-marine-122414-033929},
    keywords = {atlantic ocean, eddy compensation, southern ocean}
}

@article{Gent2016,
    title = {{Effects of Southern Hemisphere Wind Changes on the Meridional Overturning Circulation in Ocean Models}},
    year = {2016},
    journal = {Annual Review of Marine Science},
    author = {Gent, Peter R.},
    number = {1},
    pages = {79--94},
    volume = {8},
    url = {http://www.annualreviews.org/doi/10.1146/annurev-marine-122414-033929},
    isbn = {10.1146/annurev-marine-122414-033929},
    doi = {10.1146/annurev-marine-122414-033929},
    issn = {1941-1405},
    pmid = {26163010},
    keywords = {atlantic ocean, eddy compensation, southern ocean}
}

@article{Provatas1998,
    title = {{Efficient computation of dendritic microstructures using adaptive mesh refinement}},
    year = {1998},
    journal = {Physical Review Letters},
    author = {Provatas, N and Goldenfeld, N and Dantzig, J},
    number = {15},
    pages = {3308--3311},
    volume = {80},
    isbn = {0031-9007},
    doi = {10.1103/PhysRevLett.80.3308},
    issn = {0031-9007},
    arxivId = {cond-mat/9710167},
    keywords = {ALLOY, BEHAVIOR, BOUNDARY, CRYSTAL-GROWTH, DYNAMICS, PATTERN SELECTION, PHASE-FIELD MODEL, SOLIDIFICATION, STATE}
}

@article{Cole2014a,
    title = {{Ekman Veering, Internal Waves, and Turbulence Observed under Arctic Sea Ice}},
    year = {2014},
    journal = {Journal of Physical Oceanography},
    author = {Cole, Sylvia T. and Timmermans, Mary-Louise and Toole, John M. and Krishfield, Richard A. and Thwaites, Fredrik T.},
    number = {5},
    pages = {1306--1328},
    volume = {44},
    url = {http://dx.doi.org/10.1175/JPO-D-12-0191.1%5Cnhttp://journals.ametsoc.org/doi/pdf/10.1175/JPO-D-12-0191.1},
    doi = {10.1175/JPO-D-12-0191.1},
    issn = {0022-3670}
}

@article{Cole2014,
    title = {{Ekman Veering, Internal Waves, and Turbulence Observed under Arctic Sea Ice}},
    year = {2014},
    journal = {Journal of Physical Oceanography},
    author = {Cole, Sylvia T. and Timmermans, Mary-Louise and Toole, John M. and Krishfield, Richard A. and Thwaites, Fredrik T.},
    number = {5},
    pages = {1306--1328},
    volume = {44},
    url = {http://dx.doi.org/10.1175/JPO-D-12-0191.1%5Cnhttp://journals.ametsoc.org/doi/pdf/10.1175/JPO-D-12-0191.1},
    doi = {10.1175/JPO-D-12-0191.1},
    issn = {0022-3670}
}

@article{Doering1992,
    title = {{Energy Dissipation in Shear Driven Turbulence}},
    year = {1992},
    journal = {Phys. Rev. Lett.},
    author = {Doering, C. R. and Constantin, P.},
    number = {11},
    pages = {1648--1651},
    volume = {69},
    issn = {19357001}
}

@article{Cai2015,
    title = {{ENSO and greenhouse warming}},
    year = {2015},
    journal = {Nature Publishing Group},
    author = {Cai, Wenju and Santoso, Agus and Wang, Guojian and Yeh, Sang-wook and An, Soon-il and Cobb, Kim M and Collins, Mat and Guilyardi, Eric and Jin, Fei-fei and Kug, Jong-seong and Lengaigne, Matthieu and Mcphaden, Michael J},
    number = {9},
    pages = {849--859},
    volume = {5},
    publisher = {Nature Publishing Group},
    url = {http://dx.doi.org/10.1038/nclimate2743},
    isbn = {1758-678X},
    doi = {10.1038/nclimate2743},
    issn = {1758-678X}
}

@article{Sharqawy2011,
    title = {{Erratum to Thermophysical properties of seawater: A review of existing correlations and data}},
    year = {2011},
    journal = {Desalination and Water Treatment},
    author = {Sharqawy, Mostafa H. and Lienhard V, John H. and Zubair, Syed M.},
    number = {1-3},
    pages = {355--355},
    volume = {29},
    isbn = {194439941944399419443986},
    doi = {10.5004/dwt.2011.2947},
    issn = {1944-3994},
    keywords = {boiling point elevation, density, enthalpy, entropy, ity, latent heat, osmotic coeffi cient, seawater, specifi c heat, surface tension, thermal conductiv-, thermophysical properties, vapor pressure, viscosity}
}

@article{Vallis,
    title = {{Essentials of Atmospheric and Oceanic Dynamics}},
    author = {Vallis, Geoffrey K}
}

@article{Chen1995,
    title = {{Experimental Study of Convection in a Mushy Layer During Directional Solidification}},
    year = {1995},
    journal = {Journal of Fluid Mechanics},
    author = {Chen, C. F.},
    pages = {81--98},
    volume = {293},
    isbn = {0022-1120},
    doi = {10.1017/S0022112095001649},
    issn = {14697645}
}

@article{Bacmeister2014,
    title = {{Exploratory high-resolution climate simulations using the community atmosphere model (CAM)}},
    year = {2014},
    journal = {Journal of Climate},
    author = {Bacmeister, Julio T. and Wehner, Michael F. and Neale, Richard B. and Gettelman, Andrew and Hannay, Cecile and Lauritzen, Peter H. and Caron, Julie M. and Truesdale, John E.},
    pages = {3073--3099},
    volume = {27},
    doi = {10.1175/JCLI-D-13-00387.1},
    issn = {08948755}
}

@article{Riahi2017,
    title = {{Finite bandwidth , nonlinear convective flow in a mushy layer}},
    year = {2017},
    journal = {Fluid Dynamics Research},
    author = {Riahi, D N},
    volume = {49},
    publisher = {IOP Publishing}
}

@article{Felicelli1998,
    title = {{Finite element analysis of directional solidification of multicomponent alloys}},
    year = {1998},
    journal = {International Journal for Numerical Methods in Fluids},
    author = {Felicelli, S. D. and Heinrich, J. C. and Poirier, D. R.},
    number = {1-4},
    pages = {207--227},
    volume = {27},
    doi = {10.1002/(SICI)1097-0363(199801)27:1/4<207::AID-FLD660>3.0.CO;2-X},
    issn = {02712091},
    keywords = {Dendritic monocrystals, Directional solidification, Multicomponent alloys}
}

@article{Zhong2012,
    title = {{Finite-sample-size effects on convection in mushy layers}},
    year = {2012},
    journal = {Journal of Fluid Mechanics},
    author = {Zhong, J-Q and Fragoso, A T and Wells, A. J. and Wettlaufer, J. S.},
    month = {7},
    pages = {89--108},
    volume = {704},
    publisher = {Cambridge University Press},
    url = {http://journals.cambridge.org/abstract_S0022112012002194},
    doi = {10.1017/jfm.2012.219},
    issn = {0022-1120},
    keywords = {buoyancy-driven instability, convection in porous media, solidification/melting},
    language = {English}
}

@article{Zhong2012b,
    title = {{Finite-sample-size effects on convection in mushy layers}},
    year = {2012},
    journal = {Journal of Fluid Mechanics},
    author = {Zhong, J-Q and Fragoso, A T and Wells, A. J. and Wettlaufer, J. S.},
    month = {7},
    pages = {89--108},
    volume = {704},
    publisher = {Cambridge University Press},
    url = {http://journals.cambridge.org/abstract_S0022112012002194 http://arxiv.org/pdf/1201.2070v1.pdf},
    doi = {10.1017/jfm.2012.219},
    issn = {0022-1120},
    keywords = {buoyancy-driven instability, convection in porous media, solidification/melting},
    language = {English}
}

@article{Dedovets2018,
    title = {{Five-dimensional imaging of freezing emulsions with solute effects}},
    year = {2018},
    journal = {Science},
    author = {Dedovets, Dmytro and Monteux, Cécile and Deville, Sylvain},
    number = {6386},
    pages = {303--306},
    volume = {360},
    doi = {10.1126/SCIENCE.AAR4503},
    issn = {0036-8075}
}

@article{Feltham1999,
    title = {{Flow-induced morphological instability of a mushy layer}},
    year = {1999},
    author = {Feltham, Dl and Worster, M. G.},
    pages = {337--357},
    volume = {391},
    url = {http://discovery.ucl.ac.uk/139713/},
    doi = {10.1017/S002211209900539X},
    issn = {00221120},
    keywords = {BINARY-ALLOYS, SOLIDIFICATION, ICE, CONVECTION, IN}
}

@incollection{Huppert,
    title = {{Flows involving phase change}},
    year = {2012},
    booktitle = {Environmental Fluid Dynamics Handbook},
    author = {Huppert, Herbert E. and Worster, M. G.},
    editor = {Fernando, Harindra Joseph Shermal},
    chapter = {35},
    pages = {467--477},
    publisher = {CRC Presss/Taylor {\&} Francis Group, LLC},
    isbn = {978-1-4398-1669-1},
    keywords = {Huppert2012}
}

@article{Carman1937,
    title = {{Fluid flow through granular beds}},
    year = {1937},
    journal = {Transactions-Institution of Chemical Engineeres},
    author = {Carman, P C},
    pages = {150--166},
    volume = {15},
    publisher = {Institution of Chemical Engineers},
    url = {http://dx.doi.org/10.1016/S0263-8762(97)80003-2},
    isbn = {0263-8762},
    doi = {Doi 10.1016/S0263-8762(97)80003-2},
    issn = {02638762}
}

@article{Reeburgh1984,
    title = {{Fluxes associated with brine motion in growing sea ice}},
    year = {1984},
    journal = {Polar Biology},
    author = {Reeburgh, W. S.},
    number = {1},
    pages = {29--33},
    volume = {3},
    doi = {10.1007/BF00265564},
    issn = {07224060}
}

@article{ReesJones2013,
    title = {{Fluxes through steady chimneys in a mushy layer during binary alloy solidification}},
    year = {2013},
    journal = {Journal of Fluid Mechanics},
    author = {Rees Jones, D. W. and Worster, M. G.},
    pages = {127--151},
    volume = {714},
    url = {http://www.journals.cambridge.org/abstract_S0022112012004624},
    doi = {10.1017/jfm.2012.462},
    issn = {0022-1120},
    keywords = {convection in porous media, melting, sea ice, solidification}
}

@article{Backhaus1997,
    title = {{Formation and export of water masses produced in Arctic shelf polynyas – process studies of oceanic convection}},
    year = {1997},
    journal = {ICES J. Marine Science},
    author = {Backhaus, Jan O and Fohrmann, Hermann and Ka, Jochen and Rubino, Angelo},
    pages = {366--382},
    volume = {54},
    doi = {10.1006/jmsc.1997.0230},
    issn = {10543139},
    keywords = {accepted 10 march 1997, arctic sea, backhaus, convection, institut fu, j, ka, mpf and a, o, polynyas, received 6 march 1996, rubino, water expert, water formation}
}

@article{Petrich2007a,
    title = {{Formation and struture of refrozen cracks in land-fast first-year sea ice}},
    year = {2007},
    journal = {Journal of Geophysical Research: Oceans},
    author = {Petrich, Chris and Langhorne, Pat J. and Haskell, Tim G.},
    number = {4},
    pages = {1--13},
    volume = {112},
    isbn = {0148-0227},
    doi = {10.1029/2006JC003466},
    issn = {21699291}
}

@article{Petrich2007,
    title = {{Formation and struture of refrozen cracks in land-fast first-year sea ice}},
    year = {2007},
    journal = {Journal of Geophysical Research: Oceans},
    author = {Petrich, Chris and Langhorne, Pat J. and Haskell, Tim G.},
    number = {4},
    pages = {1--13},
    volume = {112},
    isbn = {0148-0227},
    doi = {10.1029/2006JC003466},
    issn = {21699291}
}

@article{Morawetz2017,
    title = {{Formation of brine channels in sea ice}},
    year = {2017},
    journal = {European Physical Journal E},
    author = {Morawetz, Klaus and Thoms, Silke and Kutschan, Bernd},
    number = {3},
    volume = {40},
    doi = {10.1140/epje/i2017-11512-x},
    issn = {1292895X},
    keywords = {Flowing matter: Nonlinear Physics}
}

@article{Morawetz2017a,
    title = {{Formation of brine channels in sea ice}},
    year = {2017},
    journal = {European Physical Journal E},
    author = {Morawetz, Klaus and Thoms, Silke and Kutschan, Bernd},
    number = {3},
    volume = {40},
    doi = {10.1140/epje/i2017-11512-x},
    issn = {1292895X},
    keywords = {Flowing matter: Nonlinear Physics}
}

@article{Martin1981,
    title = {{Frazil ice in rivers and oceans}},
    year = {1981},
    journal = {Ann. Rev. Fluid Mech.},
    author = {Martin, Seelye},
    pages = {379--397},
    volume = {13}
}

@misc{frozen-planet-11,
    title = {{Frozen Planet}},
    year = {2011},
    author = {{BBC}},
    howpublished = {Television}
}

@article{Jardon2013,
    title = {{Full-depth desalination of warm sea ice}},
    year = {2013},
    journal = {Journal of Geophysical Research: Oceans},
    author = {Jardon, F. P. and Vivier, F. and Vancoppenolle, M. and Louren{\c{c}}o, a. and Bouruet-Aubertot, P. and Cuypers, Y.},
    number = {1},
    pages = {435--447},
    volume = {118},
    url = {http://doi.wiley.com/10.1029/2012JC007962},
    isbn = {2169-9291},
    doi = {10.1029/2012JC007962},
    issn = {21699275}
}

@article{Lombardi2011,
    title = {{Growth and instability of a laminar plume in a strongly stratified environment}},
    year = {2011},
    journal = {Journal of Fluid Mechanics},
    author = {Lombardi, M. and Caulfield, C. P. and Cossu, C. and Pesci, A. I. and Goldstein, R. E.},
    pages = {184--206},
    volume = {671},
    url = {http://www.journals.cambridge.org/abstract_S0022112010005574},
    isbn = {0022112010005},
    doi = {10.1017/S0022112010005574},
    issn = {0022-1120}
}

@article{Oertling2004,
    title = {{Growth of and brine drainage from NaClH2O freezing: A simulation of young sea ice}},
    year = {2004},
    journal = {Journal of Geophysical Research C: Oceans},
    author = {Oertling, Annette B. and Watts, Robert G.},
    number = {4},
    pages = {1--10},
    volume = {109},
    isbn = {0148-0227},
    doi = {10.1029/2001JC001109},
    issn = {01480227},
    keywords = {Channels, Climate, Sea ice}
}

@article{Nakawo1981,
    title = {{Growth rate and salinity profile of first-year sea ice in the high arctic}},
    year = {1981},
    journal = {Journal of Glaciology},
    author = {Nakawo, M. and Sinha, N. K.},
    number = {96},
    volume = {27}
}

@article{Petrich2010,
    title = {{Growth, Structure and Properties of Sea Ice}},
    year = {2010},
    journal = {Sea Ice},
    author = {Petrich, C and Eicken, Hajo},
    editor = {Thomas, D N and Dieckmann, G S},
    pages = {23--78},
    publisher = {Wiley-Blackwell},
    isbn = {9781405185806},
    doi = {10.1002/9781444317145.ch2}
}

@article{Simmons2008,
    title = {{Henry Darcy (1803-1858): Immortalised by his scientific legacy}},
    year = {2008},
    journal = {Hydrogeology Journal},
    author = {Simmons, Craig T.},
    number = {6},
    pages = {1023--1038},
    volume = {16},
    isbn = {9780415443555},
    doi = {10.1007/s10040-008-0304-3},
    issn = {14312174},
    keywords = {Darcy's Law, Dijon, France, Henry Darcy, History of hydrogeology, Profiles}
}

@phdthesis{hewitt-2014,
    title = {{High Rayleigh Number Convection in a Porous Medium}},
    year = {2014},
    author = {Hewitt, D R},
    school = {Department of Applied Mathematics and Theoretical Physics, University of Cambridge}
}

@misc{Fields,
    title = {{http://laurengfields.com/}},
    author = {Fields, Lauren},
    url = {http://laurengfields.com/}
}

@article{Eicken2004,
    title = {{Hydraulic controls of summer Arctic pack ice albedo}},
    year = {2004},
    journal = {Journal of Geophysical Research C: Oceans},
    author = {Eicken, Hajo and Grenfell, T. C. and Perovich, D. K. and Richter-Menge, J. A. and Frey, K.},
    number = {8},
    pages = {1--13},
    volume = {109},
    doi = {10.1029/2003JC001989},
    issn = {01480227},
    keywords = {Albedo, Permeability, Sea ice}
}

@article{MARTIN1974,
    title = {{Ice Stalactites - Comparison of a Laminar-Flow Theory With Experiment}},
    year = {1974},
    journal = {Journal of Fluid Mechanics},
    author = {MARTIN, S},
    number = {MAR18},
    pages = {51-{\&}},
    volume = {63},
    url = {papers2://publication/uuid/D28701CA-46B3-4FD0-ACB5-75ECE31B344A}
}

@article{Galley2015,
    title = {{Imaged brine inclusions in young sea ice-Shape, distribution and formation timing}},
    year = {2015},
    journal = {Cold Regions Science and Technology},
    author = {Galley, R. J. and Else, B. G T and Geilfus, N. X. and Hare, A. A. and Isleifson, D. and Barber, D. G. and Rysgaard, S.},
    pages = {39--48},
    volume = {111},
    publisher = {Elsevier B.V.},
    url = {http://dx.doi.org/10.1016/j.coldregions.2014.12.011},
    isbn = {0165-232X},
    doi = {10.1016/j.coldregions.2014.12.011},
    issn = {0165232X},
    keywords = {Arctic, Brine channels, Brine volume, Magnetic resonance imaging, Sea ice}
}

@article{Nguyen2009,
    title = {{Improved modeling of the arctic halocline with a subgrid-scale brine rejection parameterization}},
    year = {2009},
    journal = {Journal of Geophysical Research: Oceans},
    author = {Nguyen, A. T. and Menemenlis, D. and Kwok, R.},
    number = {11},
    pages = {1--12},
    volume = {114},
    isbn = {0148-0227},
    doi = {10.1029/2008JC005121},
    issn = {21699291}
}

@article{Nguyen2009a,
    title = {{Improved modeling of the arctic halocline with a subgrid-scale brine rejection parameterization}},
    year = {2009},
    journal = {Journal of Geophysical Research: Oceans},
    author = {Nguyen, A. T. and Menemenlis, D. and Kwok, R.},
    number = {11},
    pages = {1--12},
    volume = {114},
    isbn = {0148-0227},
    doi = {10.1029/2008JC005121},
    issn = {21699291},
    keywords = {http://dx.doi.org/10.1029/2008JC005121, doi:10.102}
}

@misc{Smith1868,
    title = {{Improvement in clay moulds for casting metals}},
    year = {1868},
    author = {Smith, John Joseph Charles},
    pages = {1},
    publisher = {United State Patent Office}
}

@article{Lemieux2016,
    title = {{Improving the simulation of landfast ice by combining tensile strength and a parameterization for grounded ridges}},
    year = {2016},
    journal = {Journal of Geophysical Research: Oceans},
    author = {Lemieux, Jean-Francois and Dupont, Frederic and Blain, Philippe and Roy, Francois and Smith, Gregory C and Flato, Gregory M},
    pages = {7354--7368},
    volume = {121},
    doi = {10.1002/2016JC012006.Received}
}

@article{Notz2008,
    title = {{In situ measurements of the evolution of young sea ice}},
    year = {2008},
    journal = {Journal of Geophysical Research: Oceans},
    author = {Notz, D. and Worster, M. G.},
    number = {3},
    volume = {113},
    isbn = {0148-0227},
    doi = {10.1029/2007JC004333},
    issn = {21699291}
}

@article{Dewar2003,
    title = {{Information Theory Explanation of the Fluctuation Theorem, Maximum Entropy Production and Self-Organized Criticality in Non-Equilibrium Stationary States}},
    year = {2003},
    journal = {J. Phys. A},
    author = {Dewar, R},
    pages = {631--641},
    volume = {36}
}

@article{Griewank2013,
    title = {{Insights into brine dynamics and sea ice desalination from a 1-D model study of gravity drainage}},
    year = {2013},
    journal = {Journal of Geophysical Research: Oceans},
    author = {Griewank, Philipp J. and Notz, D.},
    number = {7},
    pages = {3370--3386},
    volume = {118},
    isbn = {2169-9291},
    doi = {10.1002/jgrc.20247},
    issn = {21699291},
    keywords = {binary alloy solidification, brine fluxes, desalination, gravity drainage, sea ice, thermodynamics}
}

@article{Worster1992a,
    title = {{Instabilities of the Liquid and Mushy Regions During Solidification of Alloys}},
    year = {1992},
    journal = {Journal of Fluid Mechanics},
    author = {Worster, M. G.},
    number = {-1},
    pages = {649--669},
    volume = {237},
    isbn = {0022-1120},
    doi = {10.1017/S0022112092003562},
    issn = {0022-1120},
    keywords = {BINARY ALLOY, CONVECTION, MELT, STABILITY}
}

@article{Carpenter2013a,
    title = {{Instability in Stratified Shear Flow: Review of a Physical Interpretation Based on Interacting Waves}},
    year = {2013},
    journal = {Applied Mechanics Reviews},
    author = {Carpenter, Jeffrey R. and Tedford, Edmund W. and Heifetz, Eyal and Lawrence, Gregory A.},
    number = {6},
    pages = {060801},
    volume = {64},
    url = {http://appliedmechanicsreviews.asmedigitalcollection.asme.org/article.aspx?doi=10.1115/1.4007909},
    doi = {10.1115/1.4007909},
    issn = {0003-6900}
}

@article{Carpenter2013,
    title = {{Instability in Stratified Shear Flow: Review of a Physical Interpretation Based on Interacting Waves}},
    year = {2013},
    journal = {Applied Mechanics Reviews},
    author = {Carpenter, Jeffrey R. and Tedford, Edmund W. and Heifetz, Eyal and Lawrence, Gregory A.},
    number = {6},
    pages = {060801},
    volume = {64},
    url = {http://appliedmechanicsreviews.asmedigitalcollection.asme.org/article.aspx?doi=10.1115/1.4007909},
    doi = {10.1115/1.4007909},
    issn = {0003-6900}
}

@article{LeBars2006,
    title = {{Interfacial conditions between a pure fluid and a porous medium: implications for binary alloy solidification}},
    year = {2006},
    journal = {Journal of Fluid Mechanics},
    author = {Le Bars, Michael and Worster, M. G.},
    number = {-1},
    pages = {149},
    volume = {550},
    isbn = {0022-1120},
    doi = {10.1017/S0022112005007998},
    issn = {0022-1120}
}

@article{Volk2010,
    title = {{It is not the entropy you produce, rather, how you produce it.}},
    year = {2010},
    journal = {Philosophical transactions of the Royal Society of London. Series B, Biological sciences},
    author = {Volk, Tyler and Pauluis, Olivier},
    pages = {1317--1322},
    volume = {365},
    isbn = {0962-8436},
    doi = {10.1098/rstb.2010.0019},
    issn = {0962-8436},
    pmid = {20368249},
    keywords = {biosphere, by-products, entropy, gaia, maximum entropy production, thermodynamics}
}

@phdthesis{young-50,
    title = {{Iterative methods for solving partial difference equations of elliptical type}},
    year = {1950},
    author = {Young, D. M.},
    school = {Harvard University}
}

@article{Polashenski2017,
    title = {{Journal of Geophysical Research : Oceans}},
    year = {2017},
    author = {Polashenski, Chris and Golden, Kenneth M and Perovich, Donald K},
    pages = {1--28},
    doi = {10.1002/2016JC011994.Received}
}

@article{LandryM.R.andStukelM.R.BrzezinskiM.A.2015,
    title = {{Journal of Geophysical Research : Oceans}},
    year = {2015},
    journal = {Journal of Geophysical Research: Oceans},
    author = {Landry M.R. and Stukel M.R. Brzezinski M.A., Krause J.W., Bundy R.M., Barbeau K.A., Franks P., Goericke R.},
    number = {7},
    pages = {4654–4669},
    volume = {120},
    isbn = {2169-9291},
    doi = {10.1002/2015JC010829.Received},
    issn = {21699275}
}

@article{Cottier1999,
    title = {{Linkages between salinity and brine channel distribution in young sea ice}},
    year = {1999},
    journal = {Polar Research},
    author = {Cottier, Finlo and Wadhams, P.},
    pages = {859--871},
    volume = {104}
}

@article{Berger1989,
    title = {{Local adaptive mesh refinement for shock hydrodynamics}},
    year = {1989},
    journal = {Journal of Computational Physics},
    author = {Berger, M. J. and Colella, P.},
    number = {1},
    pages = {64--84},
    volume = {82},
    isbn = {0021-9991},
    doi = {10.1016/0021-9991(89)90035-1},
    issn = {10902716},
    arxivId = {1607.02212}
}

@article{Berger1989a,
    title = {{Local adaptive mesh refinement for shock hydrodynamics}},
    year = {1989},
    journal = {Journal of Computational Physics},
    author = {Berger, M. J. and Colella, P.},
    number = {1},
    pages = {64--84},
    volume = {82},
    isbn = {0021-9991},
    doi = {10.1016/0021-9991(89)90035-1},
    issn = {10902716},
    arxivId = {1607.02212}
}

@article{Cronin2015,
    title = {{Low clouds suppress Arctic air formation and amplify high-latitude continental winter warming}},
    year = {2015},
    journal = {Proceedings of the National Academy of Sciences},
    author = {Cronin, Timothy W. and Tziperman, Eli},
    number = {37},
    pages = {11490--11495},
    volume = {112},
    url = {http://www.pnas.org/lookup/doi/10.1073/pnas.1510937112},
    doi = {10.1073/pnas.1510937112},
    issn = {0027-8424}
}

@article{Boussaa2016,
    title = {{Macrosegregations in Sn-3 wt{\%}Pb alloy solidification: Experimental and 3D numerical simulation investigations}},
    year = {2016},
    journal = {International Journal of Heat and Mass Transfer},
    author = {Boussaa, R. and Hachani, L. and Budenkova, O. and Botton, V. and Henry, D. and Zaidat, K. and Ben Hadid, H. and Fautrelle, Y.},
    pages = {680--690},
    volume = {100},
    publisher = {Elsevier Ltd},
    url = {http://dx.doi.org/10.1016/j.ijheatmasstransfer.2016.04.120},
    doi = {10.1016/j.ijheatmasstransfer.2016.04.120},
    issn = {00179310},
    keywords = {3D model, Benchmark, Binary alloy, Freckles, Macrosegregation, Phase change, Solidification}
}

@article{Katz2008a,
    title = {{Magma dynamics with the enthalpy method: Benchmark solutions and magmatic focusing at mid-ocean ridges}},
    year = {2008},
    journal = {Journal of Petrology},
    author = {Katz, R F},
    number = {12},
    pages = {2099--2121},
    volume = {49},
    isbn = {0022-3530},
    doi = {10.1093/petrology/egn058},
    issn = {00223530},
    keywords = {Compaction, Mantle, PETSc, Simulation, Thermodynamics}
}

@article{Eicken2000,
    title = {{Magnetic resonance imaging of sea-ice pore fluids: Methods and thermal evolution of pore microstructure}},
    year = {2000},
    journal = {Cold Regions Science and Technology},
    author = {Eicken, Hajo and Bock, C. and Wittig, R. and Miller, H. and Poertner, H. O.},
    number = {3},
    pages = {207--225},
    volume = {31},
    isbn = {0165-232X/00{\textbackslash}r00948276},
    doi = {10.1016/S0165-232X(00)00016-1},
    issn = {0165232X},
    keywords = {Chukchi Sea, Crystal growth, Image analysis, Nuclear magnetic resonance, Pore structure, Sea ice}
}

@article{Aussillous2006,
    title = {{Magnetic resonance imaging of structure and convection in solidifying mushy layers}},
    year = {2006},
    journal = {Journal of Fluid Mechanics},
    author = {Aussillous, Pascale and Sederman, Andrew J. and Gladden, Lynn F. and Huppert, Herbert E. and Worster, M. G.},
    number = {-1},
    pages = {99},
    volume = {552},
    url = {http://www.journals.cambridge.org/abstract_S0022112005008451},
    doi = {10.1017/S0022112005008451},
    issn = {0022-1120}
}

@article{Bony2005,
    title = {{Marine boundary layer clouds at the heart of tropical cloud feedback uncertainties in climate models}},
    year = {2005},
    journal = {Geophysical Research Letters},
    author = {Bony, Sandrine and Dufresne, Jean Louis},
    number = {20},
    pages = {1--4},
    volume = {32},
    isbn = {1944-8007},
    doi = {10.1029/2005GL023851},
    issn = {00948276}
}

@article{Beckermann1993,
    title = {{Mathematical Modeling of Transport Phenomena During Alloy Solidification}},
    year = {1993},
    journal = {Applied Mechanics Reviews},
    author = {Beckermann, C and Viskanta, Raymond},
    number = {1},
    pages = {1--26},
    volume = {46},
    doi = {10.1115/1.3120318},
    issn = {00036900}
}

@book{Alexiades1993,
    title = {{Mathematical Modelling of Melting and Freezing Processes}},
    year = {1993},
    author = {Alexiades, V. and Solomon, A.D.},
    publisher = {Hemisphere Publishing Corporation}
}

@article{Wells2010,
    title = {{Maximal potential energy transport: a variational principle for solidification problems}},
    year = {2010},
    journal = {Phys. Rev. Lett.},
    author = {Wells, A. J. and Wettlaufer, J. S. and Orszag, S. A.},
    volume = {105},
    url = {http://dx.doi.org/10.1103/PhysRevLett.105.254502},
    doi = {10.1103/PhysRevLett.105.254502}
}

@article{Dewar2005,
    title = {{Maximum entropy production and the fluctuation theorem}},
    year = {2005},
    journal = {J Phys A: Math Gen},
    author = {Dewar, R C},
    pages = {371--381},
    volume = {38},
    isbn = {0305-4470},
    doi = {10.1088/0305-4470/38/21/L01},
    issn = {0305-4470},
    pmid = {20559004}
}

@article{Goody2007,
    title = {{Maximum Entropy Production in Climate Theory}},
    year = {2007},
    journal = {Journal of the Atmospheric Sciences},
    author = {Goody, Richard},
    number = {7},
    pages = {2735--2739},
    volume = {64},
    url = {http://journals.ametsoc.org/doi/abs/10.1175/JAS3967.1},
    doi = {10.1175/JAS3967.1},
    issn = {0022-4928}
}

@article{Kleidon2010,
    title = {{Maximum entropy production in environmental and ecological systems.}},
    year = {2010},
    journal = {Philosophical transactions of the Royal Society of London. Series B, Biological sciences},
    author = {Kleidon, Axel and Malhi, Yadvinder and Cox, Peter M},
    number = {1545},
    pages = {1297--1302},
    volume = {365},
    isbn = {0962-8436},
    doi = {10.1098/rstb.2010.0018},
    issn = {1471-2970},
    pmid = {20368247},
    keywords = {earth system science, ecosystems, interactions, thermodynamics}
}

@article{Bates2012,
    title = {{Mean Biases, Variability, and Trends in Air–Sea Fluxes and Sea Surface Temperature in the CCSM4}},
    year = {2012},
    journal = {Journal of Climate},
    author = {Bates, Susan C. and Fox-Kemper, Baylor and Jayne, Steven R. and Large, William G. and Stevenson, Samantha and Yeager, Stephen G.},
    number = {22},
    pages = {7781--7801},
    volume = {25},
    url = {http://journals.ametsoc.org/doi/abs/10.1175/JCLI-D-11-00442.1},
    doi = {10.1175/JCLI-D-11-00442.1},
    issn = {0894-8755}
}

@article{Wakatsuchi1983,
    title = {{Measurements of salinity and volume of brine excluded from growing sea ice}},
    year = {1983},
    journal = {Journal of Geophysical Research},
    author = {Wakatsuchi, Masaaki and Ono, Nobuo},
    number = {2},
    pages = {2943--2951},
    volume = {88},
    url = {http://adsabs.harvard.edu/cgi-bin/nph-data_query?bibcode=1983JGR....88.2943W&link_type=ABSTRACT%5Cnpapers2://publication/doi/10.1029/JC088iC05p02943},
    doi = {10.1029/JC088iC05p02943},
    issn = {0148-0227},
    keywords = {http://dx.doi.org/10.1029/JC088iC05p02943, doi:10.}
}

@article{Solomon1998,
    title = {{Measurements of the temperature field of mushy and liquid regions during solidification of aqueous ammonium chloride}},
    year = {1998},
    journal = {Journal of Fluid Mechanics},
    author = {Solomon, T. H. and Hartley, R. R.},
    pages = {87--106},
    volume = {358},
    url = {http://www.journals.cambridge.org/abstract_S0022112097008264},
    doi = {10.1017/S0022112097008264},
    issn = {00221120}
}

@article{Jupp2010,
    title = {{MEP and planetary climates: insights from a two-box climate model containing atmospheric dynamics.}},
    year = {2010},
    journal = {Philosophical transactions of the Royal Society of London. Series B, Biological sciences},
    author = {Jupp, Tim E and Cox, Peter M},
    number = {1545},
    pages = {1355--65},
    volume = {365},
    url = {http://www.researchgate.net/publication/43023222_MEP_and_planetary_climates_insights_from_a_two-box_climate_model_containing_atmospheric_dynamics},
    isbn = {0962-8436},
    doi = {10.1098/rstb.2009.0297},
    issn = {1471-2970},
    pmid = {20368254},
    keywords = {Atmosphere, Climate, Earth (Planet), Entropy, Mars, Models, Theoretical, Saturn, Temperature}
}

@article{Lieb-Lappen2017,
    title = {{Metrics for interpreting the microstructure of sea ice using X-ray micro-computed tomography}},
    year = {2017},
    journal = {Cold Regions Science and Technology},
    author = {Lieb-Lappen, R. M. and Golden, E. J. and Obbard, R. W.},
    pages = {24--35},
    volume = {138},
    publisher = {The Authors},
    url = {http://dx.doi.org/10.1016/j.coldregions.2017.03.001},
    isbn = {7814247268},
    doi = {10.1016/j.coldregions.2017.03.001},
    issn = {0165232X},
    keywords = {Brine channel microstructure, Sea ice, X-ray micro-computed tomography}
}

@article{Niven2010,
    title = {{Minimization of a free-energy-like potential for non-equilibrium flow systems at steady state}},
    year = {2010},
    journal = {Philosophical Transactions of the Royal Society B: Biological Sciences},
    author = {Niven, Robert K},
    number = {1545},
    pages = {1323--1331},
    volume = {365},
    url = {http://rstb.royalsocietypublishing.org/cgi/doi/10.1098/rstb.2009.0296},
    doi = {10.1098/rstb.2009.0296},
    issn = {0962-8436},
    pmid = {20368250},
    arxivId = {0908.2268},
    keywords = {biological system, irreversible, maximum entropy, maximum entropy production, steady-state, thermodynamics}
}

@article{Vancoppenolle2010,
    title = {{Modeling brine and nutrient dynamics in Antarctic sea ice: The case of dissolved silica}},
    year = {2010},
    journal = {Journal of Geophysical Research: Oceans},
    author = {Vancoppenolle, M. and Goosse, Hugues and De Montety, Anne and Fichefet, Thierry and Tremblay, Bruno and Tison, Jean Louis},
    number = {2},
    pages = {1--18},
    volume = {115},
    isbn = {0148-0227},
    doi = {10.1029/2009JC005369},
    issn = {21699291}
}

@article{Sajja2011,
    title = {{Modeling freckle segregation with mesh adaptation}},
    year = {2011},
    journal = {Metallurgical and Materials Transactions B: Process Metallurgy and Materials Processing Science},
    author = {Sajja, Udaya K. and Felicelli, Sergio D.},
    number = {6},
    pages = {1118--1129},
    volume = {42},
    doi = {10.1007/s11663-011-9565-7},
    issn = {10735615}
}

@article{Beckermann1999,
    title = {{Modeling Melt Convection in Phase-Field Simulations of Solidification}},
    year = {1999},
    journal = {Journal of Computational Physics},
    author = {Beckermann, C and Diepers, H. J. and Steinbach, I. and Karma, A. and Tong, X.},
    number = {2},
    pages = {468--496},
    volume = {154},
    isbn = {0021-9991},
    doi = {10.1006/jcph.1999.6323},
    issn = {00219991},
    keywords = {Coarsening, Convection, Dendritic growth, Phase-field method}
}

@article{Barthlemy2015,
    title = {{Modeling the interplay between sea ice formation and the oceanic mixed layer: Limitations of simple brine rejection parameterizations}},
    year = {2015},
    journal = {Ocean Modelling},
    author = {Barth??lemy, Antoine and Fichefet, Thierry and Goosse, Hugues and Madec, Gurvan},
    pages = {141--152},
    volume = {86},
    doi = {10.1016/j.ocemod.2014.12.009},
    issn = {14635003},
    keywords = {Antarctic, Arctic, Brine rejection, Model, Ocean mixed layer, Parameterization}
}

@article{Vancoppenolle2006,
    title = {{Modeling the salinity profile of undeformed Arctic sea ice}},
    year = {2006},
    journal = {Geophysical Research Letters},
    author = {Vancoppenolle, M. and Fichefet, Thierry and Bitz, Cecilia M.},
    number = {21},
    pages = {1--5},
    volume = {33},
    isbn = {0094-8276},
    doi = {10.1029/2006GL028342},
    issn = {00948276},
    keywords = {http://dx.doi.org/10.1029/2006GL028342, doi:10.102}
}

@inproceedings{Petrich2011,
    title = {{Modelled bulk salinity of growing first-year sea ice and implications for ice properties in spring}},
    year = {2011},
    booktitle = {Proceedings of the 21st International Conference on Port and Ocean Engineering under Arctic Conditions},
    author = {Petrich, Chris and Langhorne, Pat J. and Eicken, Hajo},
    address = {Montreal, Quebec, Canada}
}

@article{Kaempfer2003,
    title = {{Modelling of macrosegregation during solidification processes using an adaptive domain decomposition method}},
    year = {2003},
    journal = {Modelling and Simulation in Materials Science and Engineering},
    author = {Kaempfer, Th U. and Rappaz, M.},
    number = {4},
    pages = {575--597},
    volume = {11},
    doi = {10.1088/0965-0393/11/4/310},
    issn = {09650393}
}

@techreport{Hitchen2013,
    title = {{Modelling the exchange of carbon dioxide and other chemicals between young sea ice and the ocean}},
    year = {2013},
    author = {Hitchen, Joseph},
    pages = {1--14}
}

@article{Colella1990,
    title = {{Multidimensional Upwind for Hyperbolic Conservation Laws}},
    year = {1990},
    journal = {Journal of Computational Physics},
    author = {Colella, Phillip},
    pages = {171--200},
    volume = {200}
}

@article{Henson2002,
    title = {{Multigrid Methods for Nonlinear Problems: An Overview}},
    year = {2002},
    author = {Henson, V E},
    url = {http://www.osti.gov/scitech/biblio/15002749},
    keywords = {and information science, computing, elasticity, general and miscellaneous//mathematics, molecular structure, nonlinear problems, partial differential equations, relaxation}
}

@article{Yang2014,
    title = {{Multigrid solution methods for nonlinear time-dependent systems}},
    year = {2014},
    author = {Yang, Feng Wei}
}

@article{wettlaufer-et-al-97,
    title = {{Natural convection during solidification of an alloy from above with application to the evolution of sea ice}},
    year = {1997},
    journal = {J. Fluid Mech.},
    author = {Wettlaufer, J. S. and Worster, M. G. and Huppert, Herbert E.},
    pages = {291--316},
    volume = {344},
    doi = {10.1017/S0022112097006022},
    issn = {00221120}
}

@article{Worster1991,
    title = {{Natural convection in a mushy layer}},
    year = {1991},
    journal = {Journal of Fluid Mechanics},
    author = {Worster, M. G.},
    number = {-1},
    pages = {335},
    volume = {224},
    doi = {10.1017/S0022112091001787},
    issn = {0022-1120}
}

@article{Beckermann1988,
    title = {{Natural convection solid / liquid phase change in porous media}},
    year = {1988},
    journal = {Int. J. Heat Mass Trasnfer},
    author = {Beckermann, C and Viskanta, R},
    number = {I},
    pages = {35--46},
    volume = {31}
}

@article{Nithiarasu1997,
    title = {{Natural convective heat transfer in a fluid saturated variable porosity medium}},
    year = {1997},
    journal = {International Journal of Heat and Mass Transfer},
    author = {Nithiarasu, P. and Seetharamu, K. N. and Sundararajan, T.},
    number = {16},
    pages = {3955--3967},
    volume = {40},
    isbn = {0017-9310},
    doi = {10.1016/S0017-9310(97)00008-2},
    issn = {00179310}
}

@article{Untersteiner1968,
    title = {{Natural desalination and equilibrium salinity profile of perennial sea ice}},
    year = {1968},
    journal = {Journal of Geophysical Research},
    author = {Untersteiner, N.},
    number = {4},
    pages = {1251--1257},
    volume = {73},
    url = {http://doi.wiley.com/10.1029/JB073i004p01251},
    isbn = {2156-2202},
    doi = {10.1029/JB073i004p01251},
    issn = {01480227}
}

@article{Wells2013,
    title = {{Nonlinear mushy-layer convection with chimneys: stability and optimal solute fluxes}},
    year = {2013},
    journal = {J. Fluid Mech.},
    author = {Wells, A. J. and Wettlaufer, J. S. and Orszag, S. A.},
    pages = {203--227},
    volume = {716},
    url = {http://dx.doi.org/10.1017/jfm.2012.541},
    doi = {10.1017/jfm.2012.541}
}

@article{Amberg1993,
    title = {{Nonlinear-Analysis Of Buoyant Convection In Binary Solidification with Application To Channel Formation}},
    year = {1993},
    journal = {Journal of Fluid Mechanics},
    author = {Amberg, G and Homsy, G M},
    pages = {79--98},
    volume = {252},
    url = {https://www.cambridge.org/core/services/aop-cambridge-core/content/view/F1F4FC8283C6B9B9BD65D741B243525D/S0022112093003672a.pdf/div-class-title-nonlinear-analysis-of-buoyant-convection-in-binary-solidification-with-application-to-channel-formation-div.pdf},
    isbn = {0022-1120},
    doi = {Doi 10.1017/S0022112093003672},
    keywords = {alloys, compositional convection, freckles, instabilities, mushy layer}
}

@article{Bitz2007,
    title = {{Numerical modeling of sea ice in the climate system}},
    year = {2007},
    journal = {Lecture Notes from the IPY Sea Ice Summer School},
    author = {Bitz, Cecilia M.},
    pages = {1--22},
    url = {http://www.atmos.washington.edu/~bitz/Bitz_chapter.pdf}
}

@article{Felicelli1992,
    title = {{Numerical Simulation of Freckle Formation in Directional Solidification of Binary Alloys}},
    year = {1992},
    author = {Felicelli, Sergio D and Heinrich, Juan C and Poirier, David R},
    pages = {433--441},
    isbn = {0818626305}
}

@inproceedings{Petrich2004,
    title = {{Numerical simulation of sea ice growth and desalinition}},
    year = {2004},
    booktitle = {Proceedings of the 17th IAHR International Symposium on Ice},
    author = {Petrich, Chris and Langhorne, Pat J. and Sun, Zhifa},
    pages = {68–75},
    volume = {3},
    url = {http://www.physics.otago.ac.nz/research/ice/publications/Petrich_etal_IAHR2004_final_colour.pdf%5Cnpapers2://publication/uuid/3F66CB44-D321-4C72-B461-E7AC46B3FC61},
    address = {St Petersburg, Russia}
}

@article{Lipps1976,
    title = {{Numerical simulation of three-dimensioal B{\'{e}}nard convection in air}},
    year = {1976},
    journal = {J. Fluid Mech.},
    author = {Lipps, F B},
    number = {1976},
    pages = {113},
    volume = {75}
}

@article{Lipps1976b,
    title = {{Numerical simulation of three-dimensioal B{\{}{\'{e}}{\}}nard convection in air}},
    year = {1976},
    journal = {J. Fluid Mech.},
    author = {Lipps, F B},
    number = {1976},
    pages = {113},
    volume = {75}
}

@article{Cox1988,
    title = {{Numerical simulations of the profile properties of undeformed first-year sea ice during the growth season}},
    year = {1988},
    journal = {Journal of Geophysical Research},
    author = {Cox, G. F. N. and Weeks, W. F.},
    number = {C10},
    pages = {12449},
    volume = {93},
    url = {http://doi.wiley.com/10.1029/JC093iC10p12449},
    isbn = {2156-2202},
    doi = {10.1029/JC093iC10p12449},
    issn = {0148-0227},
    keywords = {http://dx.doi.org/10.1029/JC093iC10p12449, doi:10.}
}

@article{Cox1988a,
    title = {{Numerical simulations of the profile properties of undeformed first-year sea ice during the growth season}},
    year = {1988},
    journal = {Journal of Geophysical Research},
    author = {Cox, G. F. N. and Weeks, W. F.},
    pages = {12449--12460},
    volume = {93},
    isbn = {2156-2202},
    doi = {10.1029/JC093iC10p12449},
    issn = {0148-0227},
    keywords = {doi:10., http://dx.doi.org/10.1029/JC093iC10p12449}
}

@article{Colella1999,
    title = {{Numerical Solution of Plasma Fluid Equations Using Locally Refined Grids}},
    year = {1999},
    journal = {Journal of Computational Physics},
    author = {Colella, Phillip and Dorr, Milo R and Wake, Daniel D},
    number = {2},
    pages = {550--583},
    volume = {152},
    url = {http://linkinghub.elsevier.com/retrieve/pii/S0021999199962459},
    doi = {10.1006/jcph.1999.6245},
    issn = {00219991}
}

@article{Chorin1968,
    title = {{Numerical Solution of the Navier-Stokes Equations}},
    year = {1968},
    journal = {Mathematics of Computation},
    author = {Chorin, Alexandre Joel},
    number = {104},
    pages = {745--762},
    volume = {22}
}

@article{Cole1998,
    title = {{Observations of brine drainage networks and microstructure of first year sea ice}},
    year = {1998},
    journal = {J. Geophys. Res.},
    author = {Cole, D M and Shapiro, L H},
    number = {98},
    volume = {103},
    keywords = {doi:10.1029/98JC01264, http://dx.doi.org/10.1029/98JC01264}
}

@article{Peterson2017,
    title = {{Observations of brine plumes below Arctic sea ice}},
    year = {2017},
    journal = {Ocean Science Discussions},
    author = {Peterson, Algot K.},
    pages = {1--18},
    url = {https://www.ocean-sci-discuss.net/os-2017-27/},
    doi = {10.5194/os-2017-27},
    issn = {1812-0822}
}

@article{Dayton1971,
    title = {{Observations of Ice Stalactites in McMurdo Sound, Antarctica}},
    year = {1971},
    author = {Dayton, Paul K},
    number = {6},
    volume = {76},
    keywords = {Antarctica: Oceanography, Oceanography: Sea Ice, doi:10.1029/JC076i006p01595, http://dx.doi.org/10.1029/JC076i006p01595}
}

@article{Ice2016,
    title = {{Observed Arctic sea-ice loss directly follows anthropogenic CO 2 emission}},
    year = {2016},
    author = {Ice, Arctic S E A},
    number = {6313},
    volume = {354}
}

@article{Notz2016,
    title = {{Observed Arctic sea-ice loss directly follows anthropogenic CO <sub>2</sub> emission}},
    year = {2016},
    journal = {Science},
    author = {Notz, Dirk and Stroeve, Julienne},
    number = {6313},
    pages = {747--750},
    volume = {354},
    url = {http://www.sciencemag.org/lookup/doi/10.1126/science.aag2345},
    isbn = {1095-9203 (Electronic){\textbackslash}r0036-8075 (Linking)},
    doi = {10.1126/science.aag2345},
    issn = {0036-8075},
    pmid = {27811286}
}

@article{Anderson2015a,
    title = {{Observing the Arctic Ocean carbon cycle in a changing environment}},
    year = {2015},
    author = {Anderson, Leif G and Macdonald, Robie W},
    pages = {1--12},
    volume = {1},
    keywords = {climate change, coordination, international, ocean time series}
}

@article{Anderson2015,
    title = {{Observing the Arctic Ocean carbon cycle in a changing environment}},
    year = {2015},
    author = {Anderson, Leif G and Macdonald, Robie W},
    pages = {1--12},
    volume = {1},
    keywords = {climate change, coordination, international, ocean time series}
}

@misc{Toggweiler2001,
    title = {{Ocean Circulation : Thermohaline Circulation}},
    year = {2001},
    booktitle = {Encyclopedia of Atmospheric Sciences},
    author = {Toggweiler, J. R.},
    pages = {1549--1555},
    volume = {4},
    publisher = {Academic Press, San Diego, California}
}

@article{Jin2012,
    title = {{Ocean mixing with lead-dependent subgrid scale brine rejection parameterization in a climate model}},
    year = {2012},
    journal = {Journal of Ocean University of China},
    author = {Jin, Meibing and Hutchings, Jennifer and Kawaguchi, Yusuke and Kikuchi, Takashi},
    number = {4},
    pages = {473--480},
    volume = {11},
    doi = {10.1007/s11802-012-2094-4},
    issn = {16725182},
    keywords = {climate model, ocean mixing, parameterization, sea ice brine rejection}
}

@article{Wakatsuchi1985,
    title = {{On brine drainage channels of young sea ice}},
    year = {1985},
    journal = {Annals of Glaciology},
    author = {Wakatsuchi, Masaaki and Saito, T.},
    pages = {200--202},
    volume = {6},
    url = {http://www.igsoc.org/login/?returnto=/annals/6/igs_annals_vol06_year1985_pg200-202.html}
}

@article{Palm1972,
    title = {{On steady convection in a porous medium}},
    year = {1972},
    journal = {Journal of Fluid Mechanics},
    author = {Palm, E and Weber, JE and Kvernvold, O},
    pages = {153--161},
    volume = {54},
    url = {http://journals.cambridge.org/abstract_S002211207200059X},
    doi = {10.1017/S002211207200059X},
    issn = {0022-1120}
}

@article{Okhuysen2008,
    title = {{On weakly nonlinear convection in mushy layers during solidification of alloys}},
    year = {2008},
    journal = {Journal of Fluid Mechanics},
    author = {Okhuysen, B. S. and Riahi, D N},
    pages = {143--167},
    volume = {596},
    isbn = {0022-1120},
    doi = {10.1017/S0022112007009366},
    issn = {00221120}
}

@article{Paik2010,
    title = {{Optimality approaches to describe characteristic fluvial patterns on landscapes.}},
    year = {2010},
    journal = {Philosophical transactions of the Royal Society of London. Series B, Biological sciences},
    author = {Paik, Kyungrock and Kumar, Praveen},
    number = {1545},
    pages = {1387--1395},
    volume = {365},
    doi = {10.1098/rstb.2009.0303},
    issn = {0962-8436},
    pmid = {20368257},
    keywords = {fluvial geomorphology, hydrology, landscape evolution}
}

@incollection{Diachin2006,
    title = {{Parallel Adaptive Mesh Refinement}},
    year = {2006},
    booktitle = {Parallel Processing for Scientific Computing},
    author = {Diachin, L and Hornung, R and Plassman, P and Wissink, A},
    editor = {Heroux, Michael A and Raghavan, Padma and Simon, Horst D},
    pages = {143--162},
    publisher = {SIAM}
}

@article{Richardson1976,
    title = {{Phase relationships in sea ice as a function of temperature}},
    year = {1976},
    journal = {Journal of Gl},
    author = {Richardson, C},
    number = {77},
    pages = {507--519},
    volume = {17},
    doi = {https://doi.org/10.3198/1976JoG17-77-507-519}
}

@article{Boettinger2002,
    title = {{Phase-Field Simulations of Solidification}},
    year = {2002},
    journal = {Annual Review of Materials Research},
    author = {Boettinger, W. J. and Warren, J. A. and Beckermann, C and Karma, A.},
    number = {1},
    pages = {163--194},
    volume = {32},
    url = {http://www.annualreviews.org/doi/abs/10.1146/annurev.matsci.32.101901.155803},
    doi = {10.1146/annurev.matsci.32.101901.155803},
    issn = {1531-7331},
    keywords = {diffuse interface, diffusion, microstructure, solid-liquid phase change}
}

@article{Zhou2013,
    title = {{Physical and biogeochemical properties in landfast sea ice (Barrow, Alaska): Insights on brine and gas dynamics across seasons}},
    year = {2013},
    journal = {Journal of Geophysical Research: Oceans},
    author = {Zhou, Jiayun and Delille, Bruno and Eicken, Hajo and Vancoppenolle, M. and Brabant, Frédéric and Carnat, Gauthier and Geilfus, Nicolas Xavier and Papakyriakou, Tim and Heinesch, Bernard and Tison, Jean Louis},
    number = {6},
    pages = {3172--3189},
    volume = {118},
    isbn = {2169-9291},
    doi = {10.1002/jgrc.20232},
    issn = {21699291},
    keywords = {Ra, argon, barrow, brine, chlorophyll-a, isotope, nutrient, sea ice}
}

@article{Jamieson1969,
    title = {{Physical properties of sea water solutions: heat capacity}},
    year = {1969},
    journal = {Desalination},
    author = {Jamieson, D.T. and Tudhope, J.S. and Morris, R. and Cartwright, G.},
    number = {1},
    pages = {23--30},
    volume = {7},
    url = {http://www.sciencedirect.com/science/article/pii/S0011916400802714},
    doi = {10.1016/S0011-9164(00)80271-4},
    issn = {00119164}
}

@article{Keller2014a,
    title = {{Potential climate engineering effectiveness and side effects during a high carbon dioxide-emission scenario.}},
    year = {2014},
    journal = {Nature communications},
    author = {Keller, David P and Feng, Ellias Y and Oschlies, Andreas},
    pages = {3304},
    volume = {5},
    publisher = {Nature Publishing Group},
    url = {http://www.pubmedcentral.nih.gov/articlerender.fcgi?artid=3948393&tool=pmcentrez&rendertype=abstract},
    isbn = {2041-1723 (Electronic){\textbackslash}n2041-1723 (Linking)},
    doi = {10.1038/ncomms4304},
    issn = {2041-1723},
    pmid = {24569320}
}

@article{Arrigo1997,
    title = {{Primary Production in Antarctic Sea Ice}},
    year = {1997},
    journal = {Science},
    author = {Arrigo, Kevin R and Arrigo, Kevin R and Worthen, Denise L and Lizotte, Michael P and Dixon, Paul and Dieckmann, Gerhard},
    pages = {394--397},
    volume = {276},
    doi = {10.1126/science.276.5311.394}
}

@article{Johnson2008,
    title = {{Quantifying Antarctic Bottom Water and North Atlantic Deep Water volumes}},
    year = {2008},
    journal = {Journal of Geophysical Research},
    author = {Johnson, Gregory C},
    pages = {1--13},
    volume = {113},
    doi = {10.1029/2007JC004477},
    keywords = {Antarctic Bottom Water, North Atlantic Deep Water, deep ocean ventilation, doi:10.1029/2007JC004477, http://dx.doi.org/10.1029/2007JC004477}
}

@article{Jain2007,
    title = {{Role of plume convection and remelting on the mushy layer structure during directional solidification}},
    year = {2007},
    journal = {Journal of Physics D: Applied Physics},
    author = {Jain, Jayesh and Kumar, Arvind and Dutta, Pradip},
    number = {4},
    pages = {1150--1160},
    volume = {40},
    url = {http://stacks.iop.org/0022-3727/40/i=4/a=037?key=crossref.cebf526ea7a154f78a49d86b8803f076},
    doi = {10.1088/0022-3727/40/4/037},
    issn = {0022-3727}
}

@article{Jain2007a,
    title = {{Role of plume convection and remelting on the mushy layer structure during directional solidification}},
    year = {2007},
    journal = {Journal of Physics D: Applied Physics},
    author = {Jain, Jayesh and Kumar, Arvind and Dutta, Pradip},
    number = {4},
    pages = {1150--1160},
    volume = {40},
    url = {http://stacks.iop.org/0022-3727/40/i=4/a=037?key=crossref.cebf526ea7a154f78a49d86b8803f076},
    doi = {10.1088/0022-3727/40/4/037},
    issn = {0022-3727}
}

@article{Willis1972,
    title = {{Roll-diameter dependence in Rayleigh convection and its effect upon the heat flux}},
    year = {1972},
    journal = {Journal of Fluid Mechanics},
    author = {Willis, G. E. and Deardorff, J. W. and Somerville, R. C. J.},
    number = {2},
    pages = {351--367},
    volume = {54},
    url = {http://www.journals.cambridge.org/abstract_S0022112072000722},
    doi = {10.1017/S0022112072000722},
    issn = {0022-1120}
}

@article{Rhines2002,
    title = {{Rossby waves}},
    year = {2002},
    journal = {Encyclopedia of Atmospheric Sciences},
    author = {Rhines, Peter B},
    pages = {1--37}
}

@article{Maus2012,
    title = {{Salinity and solid fraction of frazil and grease ice}},
    year = {2012},
    journal = {Journal of Glaciology},
    author = {Maus, Sönke and De La Rosa, Sara},
    number = {209},
    pages = {594--612},
    volume = {58},
    doi = {10.3189/2012JoG11J110},
    issn = {00221430}
}

@article{Eicken1992,
    title = {{Salinity Profiles of Antractic Sea Ice: Field Data and Model Results}},
    year = {1992},
    journal = {Journal of Geophysical Research},
    author = {Eicken, Hajo},
    number = {C10},
    pages = {15545--15557},
    volume = {97},
    keywords = {doi:10.1029/92JC01588, http://dx.doi.org/10.1029/92JC01588}
}

@article{Lake1970,
    title = {{Salt Rejection by Sea Ice during Growth}},
    year = {1970},
    journal = {Journal of Geophysical Research},
    author = {Lake, R A and Lewis, E L},
    number = {3},
    pages = {583},
    volume = {75},
    url = {http://adsabs.harvard.edu/cgi-bin/nph-data_query?bibcode=1970JGR....75..583L&link_type=EJOURNAL%5Cnpapers2://publication/doi/10.1029/JC075i003p00583},
    isbn = {0148-0227},
    doi = {10.1029/JC075i003p00583},
    issn = {01480227},
    keywords = {http://dx.doi.org/10.1029/JC075i003p00583, doi:10.}
}

@article{Widell2006,
    title = {{Salt release from warming sea ice}},
    year = {2006},
    journal = {Geophysical Research Letters},
    author = {Widell, Karolina and Fer, Ilker and Haugan, Peter M.},
    number = {12},
    pages = {1--5},
    volume = {33},
    isbn = {1944-8007},
    doi = {10.1029/2006GL026262},
    issn = {00948276},
    keywords = {http://dx.doi.org/10.1029/2006GL026262, doi:10.102}
}

@article{VanStraalen2009,
    title = {{Scalability challenges for massively parallel AMR applications}},
    year = {2009},
    journal = {IPDPS 2009 - Proceedings of the 2009 IEEE International Parallel and Distributed Processing Symposium},
    author = {Van Straalen, Brian and Shalf, John and Ligocki, Terry and Keen, Noel and Yang, Woo Sun},
    isbn = {9781424437504},
    doi = {10.1109/IPDPS.2009.5161014},
    issn = {1530-2075}
}

@article{Keller2014,
    title = {{scenario}},
    year = {2014},
    journal = {Nature Communications},
    author = {Keller, David P and Feng, Ellias Y and Oschlies, Andreas},
    pages = {1--11},
    volume = {5},
    publisher = {Nature Publishing Group},
    url = {http://dx.doi.org/10.1038/ncomms4304},
    doi = {10.1038/ncomms4304}
}

@article{Keller2014b,
    title = {{scenario}},
    year = {2014},
    journal = {Nature Communications},
    author = {Keller, David P and Feng, Ellias Y and Oschlies, Andreas},
    pages = {1--11},
    volume = {5},
    publisher = {Nature Publishing Group},
    url = {http://dx.doi.org/10.1038/ncomms4304},
    doi = {10.1038/ncomms4304}
}

@book{Dieckmann2010,
    title = {{Sea ice : an introduction to its physics, chemistry, biology, and geology}},
    year = {2010},
    booktitle = {Oxford [u.a.] : Blackwell Science},
    author = {Dieckmann, Gerhard and Thomas, David},
    month = {7},
    url = {http://epic.awi.de/7895/},
    isbn = {Dieckmann, G. (2003) Sea ice : an introduction to its physics, chemistry, biology, and geology / D. Thomas (editor) , Oxford [u.a.] : Blackwell Science, 402 p., ISBN: 0-632-05808-0 . hdl:10013/epic.18436}
}

@incollection{brandon-et-al-10,
    title = {{Sea ice and oceanography}},
    year = {2010},
    booktitle = {Sea Ice},
    author = {Brandon, M A and Cottier, F R and Nilsen, F.},
    editor = {Thomas, D N and Dieckmann, G S},
    pages = {79--112},
    publisher = {Wiley-Blackwell}
}

@incollection{brandon-et-al-10b,
    title = {{Sea ice and oceanography}},
    year = {2010},
    booktitle = {Sea Ice},
    author = {Brandon, M A and Cottier, F R and Nilsen, F},
    editor = {Thomas, D N and Dieckmann, G S},
    pages = {79--112},
    publisher = {Wiley-Blackwell}
}

@article{Loose2011,
    title = {{Sea ice biogeochemistry and material transport across the frozen interface}},
    year = {2011},
    journal = {Oceanography},
    author = {Loose, B. and Miller, L.A. and Elliott, S and Papakyriakou, T},
    number = {3},
    pages = {202--218},
    volume = {24},
    url = {http://dx.doi.org/10.5670/oceanog.2011.80.},
    isbn = {1042-8275},
    doi = {10.5670/oceanog.2011.65},
    issn = {10428275}
}

@misc{NSIDCSeaIceIndex,
    title = {{Sea Ice Index, Version 2}},
    year = {2017},
    booktitle = {Boulder, Colorado USA: National Snow and Ice Data Center.},
    author = {Fetterer, F. and K, Knowles and Meier, W. and Savoie, M.},
    pages = {1},
    url = {http://nsidc.org/data/seaice_index/},
    howpublished = {Digital media},
    doi = {http://dx.doi.org/10.7265/N5736NV7},
    keywords = {Ice level}
}

@article{Feltham2006,
    title = {{Sea ice is a mushy layer}},
    year = {2006},
    journal = {Geophysical Research Letters},
    author = {Feltham, D. L. and Untersteiner, N. and Wettlaufer, J. S. and Worster, M. G.},
    number = {14},
    pages = {L14501},
    volume = {33},
    url = {http://doi.wiley.com/10.1029/2006GL026290},
    doi = {10.1029/2006GL026290},
    issn = {0094-8276}
}

@techreport{Stroeve2017,
    title = {{Sea Ice Trends and Climatologies from SMMR and SSM/I-SSMIS, Version 2.}},
    year = {2017},
    author = {Stroeve, Julienne and Meier, W.},
    institution = {NASA National Snow and Ice Data Center Distributed Active Archive Center},
    address = {Boulder, Colorado USA},
    doi = {http://dx.doi.org/10.5067/EYICLBOAAJOU.}
}

@article{Curry1995,
    title = {{Sea Ice-Albedo Climate Feedback Mechanism}},
    year = {1995},
    journal = {J. Climate},
    author = {Curry, Judith A. and Schramm, Julie L. and Ebert, Elizabeth E.},
    pages = {240--247},
    volume = {8},
    doi = {10.1175/1520-0442(1995)008<0240:SIACFM>2.0.CO;2}
}

@article{Worster2015,
    title = {{Sea-ice thermodynamics and brine drainage}},
    year = {2015},
    journal = {Philosophical transaction s. Series A, Mathematical, physical, and engineering sciences},
    author = {Worster, M. G. and Rees Jones, D. W.},
    number = {2045},
    pages = {20140166},
    volume = {373},
    doi = {10.1098/rsta.2014.0166},
    issn = {1471-2962},
    pmid = {26032321}
}

@article{Provatas2003,
    title = {{Seaweed to dendrite transition in directional solidification}},
    year = {2003},
    journal = {Physical Review Letters},
    author = {Provatas, Nikolas and Wang, Quanyong and Haataja, Mikko and Grant, Martin},
    number = {15},
    pages = {1--4},
    volume = {91},
    doi = {10.1103/PhysRevLett.91.155502},
    issn = {10797114},
    pmid = {14611474}
}

@article{Twizell1996,
    title = {{Second-order,L 0-stable methods for the heat equation with time-dependent boundary conditions}},
    year = {1996},
    journal = {Advances in Computational Mathematics},
    author = {Twizell, E. H. and Gumel, A. B. and Arigu, M. A.},
    number = {1},
    pages = {333--352},
    volume = {6},
    url = {http://link.springer.com/10.1007/BF02127712},
    doi = {10.1007/BF02127712},
    issn = {1019-7168}
}

@article{Jin2015,
    title = {{Sensitivity study of subgrid scale ocean mixing under sea ice using a two-column ocean grid in climate model CESM}},
    year = {2015},
    journal = {Frontiers of Earth Science},
    author = {Jin, Meibing and Hutchings, Jennifer and Kawaguchi, Yusuke},
    number = {4},
    pages = {594--604},
    volume = {9},
    doi = {10.1007/s11707-014-0489-9},
    issn = {20950209},
    keywords = {brine drainage, climate model, mixed-layer depth, ocean mixing, sea ice}
}

@article{Vancoppenolle2009b,
    title = {{Simulating the mass balance and salinity of Arctic and Antarctic sea ice. 1. Model description and validation}},
    year = {2009},
    journal = {Ocean Modelling},
    author = {Vancoppenolle, M. and Fichefet, Thierry and Goosse, Hugues and Bouillon, Sylvain and Madec, Gurvan and Maqueda, Miguel Angel Morales},
    number = {1-2},
    pages = {33--53},
    volume = {27},
    publisher = {Elsevier Ltd},
    url = {http://dx.doi.org/10.1016/j.ocemod.2008.10.005},
    isbn = {1463-5003},
    doi = {10.1016/j.ocemod.2008.10.005},
    issn = {14635003},
    keywords = {Age, Antarctic, Arctic, Model, Salinity, Sea ice, Thickness}
}

@article{Vancoppenolle2009a,
    title = {{Simulating the mass balance and salinity of Arctic and Antarctic sea ice. 1. Model description and validation}},
    year = {2009},
    journal = {Ocean Modelling},
    author = {Vancoppenolle, M. and Fichefet, Thierry and Goosse, Hugues and Bouillon, Sylvain and Madec, Gurvan and Maqueda, Miguel Angel Morales},
    number = {1-2},
    pages = {33--53},
    volume = {27},
    publisher = {Elsevier Ltd},
    url = {http://dx.doi.org/10.1016/j.ocemod.2008.11.003 http://dx.doi.org/10.1016/j.ocemod.2008.10.005},
    isbn = {1463-5003},
    doi = {10.1016/j.ocemod.2008.10.005},
    issn = {14635003},
    keywords = {Age, Antarctic, Arctic, Model, Salinity, Sea ice, Thickness}
}

@article{Vancoppenolle2009,
    title = {{Simulating the mass balance and salinity of Arctic and Antarctic sea ice. 2. Model description and validation}},
    year = {2009},
    journal = {Ocean Modelling},
    author = {Vancoppenolle, M. and Fichefet, Thierry and Goosse, Hugues and Bouillon, Sylvain and Madec, Gurvan and Maqueda, Miguel Angel Morales},
    number = {1-2},
    pages = {33--53},
    volume = {27},
    publisher = {Elsevier Ltd},
    url = {http://dx.doi.org/10.1016/j.ocemod.2008.11.003},
    isbn = {1463-5003},
    doi = {10.1016/j.ocemod.2008.10.005},
    issn = {14635003},
    keywords = {Age, Antarctic, Arctic, Model, Salinity, Sea ice, Thickness}
}

@article{Katz2008,
    title = {{Simulation of directional solidification, thermochemical convection, and chimney formation in a Hele-Shaw cell}},
    year = {2008},
    journal = {Journal of Computational Physics},
    author = {Katz, R F and Worster, M. G.},
    number = {23},
    pages = {9823--9840},
    volume = {227},
    publisher = {Elsevier Inc.},
    url = {http://linkinghub.elsevier.com/retrieve/pii/S0021999108004099},
    doi = {10.1016/j.jcp.2008.06.039},
    issn = {00219991}
}

@article{DelaAsuncion2017,
    title = {{Simulation of tsunamis generated by landslides using adaptive mesh refinement on GPU}},
    year = {2017},
    journal = {Journal of Computational Physics},
    author = {de la Asunci{\'{o}}n, M. and Castro, M. J.},
    pages = {91--110},
    volume = {345},
    publisher = {Elsevier Inc.},
    url = {http://dx.doi.org/10.1016/j.jcp.2017.05.016},
    doi = {10.1016/j.jcp.2017.05.016},
    issn = {10902716},
    keywords = {Adaptive mesh refinement, CUDA, Finite volume methods, Shallow water equations, Tsunamis generated by landslides}
}

@article{Webster2018,
    title = {{Snow in the changing sea-ice systems}},
    year = {2018},
    journal = {Nature Climate Change},
    author = {Webster, Melinda and Gerland, Sebastian and Holland, Marika and Hunke, Elizabeth and Kwok, Ron and Lecomte, Olivier and Massom, Robert and Perovich, Don and Sturm, Matthew},
    number = {November},
    volume = {8},
    publisher = {Springer US},
    url = {http://www.nature.com/articles/s41558-018-0286-7},
    doi = {10.1038/s41558-018-0286-7},
    issn = {1758-678X}
}

@article{LeBars2006a,
    title = {{Solidification of a binary alloy: Finite-element, single-domain simulation and new benchmark solutions}},
    year = {2006},
    journal = {Journal of Computational Physics},
    author = {Le Bars, Michael and Worster, M. G.},
    number = {1},
    pages = {247--263},
    volume = {216},
    doi = {10.1016/j.jcp.2005.12.002},
    issn = {00219991},
    keywords = {Benchmark solutions, Finite-element, Single-domain simulation, Solidification of binary alloy}
}

@article{Worster1986,
    title = {{Solidification of an alloy from a cooled boundary}},
    year = {1986},
    journal = {Journal of Fluid Mechanics},
    author = {Worster, M. G.},
    pages = {481--501},
    volume = {167},
    keywords = {Mushy region, Solid-liquid transitions, Solidification}
}

@incollection{Worster2000,
    title = {{Solidification of Fluids}},
    year = {2000},
    booktitle = {Perspectives in Fluid Dynamics},
    author = {Worster, M. G.},
    editor = {Batchelor, G. K. and Moffat, H. K. and Worster, M. G.},
    chapter = {8},
    pages = {393--446},
    publisher = {Cambridge University Press}
}

@article{Gewecke2011a,
    title = {{Solid–mush interface conditions for mushy layers}},
    year = {2011},
    journal = {Journal of Fluid Mechanics},
    author = {Gewecke, Nicholas R. and Schulze, T. P.},
    number = {1986},
    pages = {357--375},
    volume = {689},
    doi = {10.1017/jfm.2011.420},
    issn = {0022-1120},
    keywords = {melting, solidification}
}

@article{Gewecke2011,
    title = {{Solid–mush interface conditions for mushy layers}},
    year = {2011},
    journal = {Journal of Fluid Mechanics},
    author = {Gewecke, Nicholas R. and Schulze, T. P.},
    pages = {357--375},
    volume = {689},
    doi = {10.1017/jfm.2011.420},
    issn = {0022-1120},
    keywords = {melting, solidification}
}

@techreport{Martin1996,
    title = {{Solving Poisson's Equation using Adaptive Mesh Refinement}},
    year = {1996},
    author = {Martin, D. F. and Cartwright, K L},
    pages = {1--19},
    url = {papers3://publication/uuid/1E791D61-2448-407E-8FDE-B4785A7C78EA},
    institution = {EECS Department, University of California, Berkeley}
}

@techreport{Martin1996b,
    title = {{Solving Poisson’s Equation using Adaptive Mesh Refinement}},
    year = {1996},
    author = {Martin, D. F. and Cartwright, K L},
    pages = {1--19},
    url = {papers3://publication/uuid/1E791D61-2448-407E-8FDE-B4785A7C78EA},
    institution = {EECS Department, University of California, Berkeley}
}

@article{Plows1968,
    title = {{Some Numerical Results for Two-Dimensional Steady Laminar Bénard Convection}},
    year = {1968},
    journal = {Physics of Fluids},
    author = {Plows, William H.},
    number = {8},
    pages = {1593},
    volume = {11},
    url = {http://scitation.aip.org/content/aip/journal/pof1/11/8/10.1063/1.1692166},
    doi = {10.1063/1.1692166},
    issn = {00319171}
}

@article{Plows1968b,
    title = {{Some Numerical Results for Two-Dimensional Steady Laminar Bénard Convection}},
    year = {1968},
    journal = {Physics of Fluids},
    author = {Plows, William H},
    number = {8},
    pages = {1593},
    volume = {11},
    url = {http://scitation.aip.org/content/aip/journal/pof1/11/8/10.1063/1.1692166},
    doi = {10.1063/1.1692166},
    issn = {00319171}
}

@article{Hwang2013,
    title = {{Stability analysis of compositional convection in a mushy layer in the time-dependent solidification system}},
    year = {2013},
    journal = {Korean Journal of Chemical Engineering},
    author = {Hwang, In Gook},
    number = {5},
    pages = {1023--1028},
    volume = {30},
    doi = {10.1007/s11814-013-0013-z},
    issn = {02561115},
    keywords = {Convective Instability, Mushy Layer, Permeability Variation, Solidification}
}

@article{Mullins1964,
    title = {{Stability of a planar interface during solidification of a dilute binary alloy}},
    year = {1964},
    journal = {Journal of Applied Physics},
    author = {Mullins, W. W. and Sekerka, R. F.},
    number = {2},
    pages = {444--451},
    volume = {35},
    isbn = {0021-8979},
    doi = {10.1063/1.1713333},
    issn = {00218979},
    pmid = {15003161},
    arxivId = {arXiv:1011.1669v3}
}

@article{Polyakov2018,
    title = {{Stability of the arctic halocline: A new indicator of arctic climate change}},
    year = {2018},
    journal = {Environmental Research Letters},
    author = {Polyakov, Igor V and Pnuushkov, Andrey V and Carmarck, Eddy C},
    number = {34},
    pages = {0--7},
    volume = {29},
    url = {http://stacks.iop.org/0957-4484/29/i=34/a=342001},
    isbn = {1874-1754 (Electronic){\textbackslash}r0167-5273 (Linking)},
    doi = {10.1021/jp972101y},
    issn = {1520-6106},
    pmid = {20954167},
    arxivId = {10.1088/1361-665X/aa891e}
}

@article{Paige1970,
    title = {{Stalactite Growth beneath Sea Ice}},
    year = {1970},
    journal = {Science},
    author = {Paige, Russell A},
    number = {January},
    pages = {171--172},
    volume = {167}
}

@article{Chung2002,
    title = {{Steady-state chimneys in a mushy layer}},
    year = {2002},
    journal = {Journal of Fluid Mechanics},
    author = {Chung, C A and Worster, M. G.},
    pages = {387--411},
    volume = {455},
    doi = {10.1017/S0022112001007558},
    issn = {0022-1120}
}

@article{Peppin2007,
    title = {{Steady-state mushy layers: Experiments and theory}},
    year = {2007},
    journal = {Journal of Fluid Mechanics},
    author = {Peppin, S. S.L. and Aussillous, P. and Huppert, Herbert E. and Worster, M. G.},
    pages = {69--77},
    volume = {570},
    isbn = {0022112006},
    doi = {10.1017/S0022112006003028},
    issn = {00221120}
}

@article{Vancoppenolle2007,
    title = {{Summer landfast sea ice desalination at Point Barrow, Alaska: Modeling and observations}},
    year = {2007},
    journal = {Journal of Geophysical Research: Oceans},
    author = {Vancoppenolle, M. and Bitz, Cecilia M. and Fichefet, Thierry},
    number = {4},
    pages = {1--20},
    volume = {112},
    isbn = {0148-0227},
    doi = {10.1029/2006JC003493},
    issn = {21699291},
    keywords = {http://dx.doi.org/10.1029/2006JC003493, doi:10.102}
}

@article{Jacobs2012,
    title = {{The Amundsen Sea and the Antarctic Ice Sheet}},
    year = {2012},
    journal = {Ocenaography},
    author = {Jacobs, Stanley S. and Jenkins, Adrian and Hellmer, Hartmut H and Giulivi, Claudia F. and Nitsche, F and Huber, B. and Guerrero, R.},
    number = {3},
    pages = {154--163},
    volume = {25},
    url = {http://www.tos.org/oceanography/archive/25-3_jacobs.html},
    isbn = {1042-8275},
    doi = {10.5670/oceanog.2012.90},
    issn = {10428275},
    keywords = {Marine Sciences}
}

@article{Haine2017,
    title = {{The Arctic-Subarctic sea ice system is entering a seasonal regime: Implications for future Arctic amplification}},
    year = {2017},
    journal = {Scientific Reports},
    author = {Haine, Thomas W.N. and Martin, Torge},
    number = {1},
    pages = {1--9},
    volume = {7},
    publisher = {Springer US},
    isbn = {4159801704573},
    doi = {10.1038/s41598-017-04573-0},
    issn = {20452322}
}

@article{Bejan2011,
    title = {{The constructal law and the evolution of design in nature}},
    year = {2011},
    journal = {Physics of Life Reviews},
    author = {Bejan, Adrian and Lorente, Sylvie},
    number = {3},
    pages = {209--240},
    volume = {8},
    isbn = {15710645},
    doi = {10.1016/j.plrev.2011.05.010},
    issn = {15710645},
    pmid = {21683663},
    keywords = {Constructal law, Design in nature, Evolutionary biology, Thermodynamics, Wealth}
}

@article{Cavalieri1994,
    title = {{The contribution of Alaskan, Canadian and Siberian coastal polynyas to the cold halocline layer of the Arctic Ocean}},
    year = {1994},
    journal = {Journal of Geophysical Research},
    author = {Cavalieri, Donald J. and Martin, Seelye},
    number = {C9},
    pages = {18343--18362},
    volume = {99},
    isbn = {0148-0227},
    doi = {10.1029/94JC01169},
    issn = {0148-0227},
    keywords = {http://dx.doi.org/10.1029/94JC01169, doi:10.1029/9}
}

@article{ReesJones2013a,
    title = {{The Convective Desalination of Sea Ice}},
    year = {2013},
    author = {Rees Jones, D. W.},
    number = {December}
}

@incollection{Worster1992,
    title = {{The Dynamics of Mushy Layers}},
    year = {1992},
    booktitle = {Interactive Dynamics of Convection and Solidification},
    author = {Worster, M. G.},
    editor = {DAVIS, S. H.},
    pages = {112--138},
    publisher = {Kluwer Academic Publishers}
}

@article{Struthers2011,
    title = {{The effect of sea ice loss on sea salt aerosol concentrations and the radiative balance in the Arctic}},
    year = {2011},
    journal = {Atmospheric Chemistry and Physics},
    author = {Struthers, H. and Ekman, A M L and Glantz, P and Iversen, T and Kirkev, A},
    pages = {3459--3477},
    volume = {11},
    doi = {10.5194/acp-11-3459-2011}
}

@article{Struthers2011a,
    title = {{The effect of sea ice loss on sea salt aerosol concentrations and the radiative balance in the Arctic}},
    year = {2011},
    journal = {Atmospheric Chemistry and Physics},
    author = {Struthers, H. and Ekman, A. M L and Glantz, P. and Iversen, T. and Kirkev{\aa}g, A. and M{\aa}rtensson, E. M. and {Seland} and Nilsson, E. D.},
    number = {7},
    pages = {3459--3477},
    volume = {11},
    isbn = {1680-7316},
    doi = {10.5194/acp-11-3459-2011},
    issn = {16807316}
}

@article{Perovich1995,
    title = {{The formation and morphology of ice stalactites observed under defortning lead ice}},
    year = {1995},
    journal = {Journal of Glaciology},
    author = {Perovich, Donald K and Richter-Menge, Jacqueline A and Morison, James H},
    number = {138},
    pages = {305--312},
    volume = {41}
}

@article{Eide1975,
    title = {{The formation of brine drainage features in young sea ice}},
    year = {1975},
    journal = {Journal of Glaciology},
    author = {Eide, Lars Ingolf and Martin, Seelye},
    number = {70},
    pages = {137--154},
    volume = {14},
    issn = {0022-1430}
}

@article{Fowler1985,
    title = {{The formation of freckles in binary alloys}},
    year = {1985},
    journal = {IMA Journal of Applied Mathematics (Institute of Mathematics and Its Applications)},
    author = {Fowler, A C},
    number = {June},
    pages = {159--174},
    volume = {35},
    doi = {10.1093/imamat/35.2.159},
    issn = {02724960}
}

@article{Horvat2016,
    title = {{The frequency and extent of sub-ice phytoplankton blooms in the Arctic Ocean}},
    year = {2016},
    journal = {Science Advances},
    author = {Horvat, Christopher and Rees Jones, David and Iams, Sarah and Schroeder, David and Flocco, Daniela and Feltham, Daniel},
    number = {March},
    volume = {In Review},
    doi = {10.1126/sciadv.1601191}
}

@article{McKenzie1984,
    title = {{The Generation and Compaction of Partially Molten Rock}},
    year = {1984},
    journal = {Journal of Petrology},
    author = {McKenzie, Dan},
    number = {March},
    pages = {713--765},
    volume = {25},
    doi = {10.1093/petrology/25.3.713}
}

@article{Freitag1999,
    title = {{The hydraulic properties of Arctic Sea-Ice - Implications for the small scale particle transport}},
    year = {1999},
    journal = {Ber. Polarforsch},
    author = {Freitag, Johannes},
    pages = {1--170},
    volume = {325},
    url = {papers2://publication/uuid/6A012C61-D598-4AD8-AFD3-B87ACED58723}
}

@article{Hitchen2016,
    title = {{The impact of imperfect heat transfer on the convective instability of a thermal boundary layer in a porous media}},
    year = {2016},
    journal = {Journal of Fluid Mechanics},
    author = {Hitchen, Joseph and Wells, A. J.},
    pages = {154--174},
    volume = {794},
    url = {http://www.journals.cambridge.org/abstract_S002211201600149X},
    doi = {10.1017/jfm.2016.149},
    issn = {0022-1120},
    keywords = {buoyancy-driven instability, convection, convection in porous media}
}

@article{Feltham2002,
    title = {{The influence of ocean flow on newly forming sea ice}},
    year = {2002},
    journal = {Journal of Geophysical Research},
    author = {Feltham, Daniel L.},
    number = {C2},
    pages = {3009},
    volume = {107},
    url = {http://doi.wiley.com/10.1029/2000JC000559},
    isbn = {2156-2202},
    doi = {10.1029/2000JC000559},
    issn = {0148-0227}
}

@article{Martyushev2010,
    title = {{The maximum entropy production principle: two basic questions}},
    year = {2010},
    journal = {Philosophical Transactions of the Royal Society B: Biological Sciences},
    author = {Martyushev, Leonid},
    pages = {1333--1334},
    volume = {365},
    url = {http://onlinelibrary.wiley.com/doi/10.1029/2002RG000113/abstract%5Cnhttp://onlinelibrary.wiley.com/store/10.1029/2002RG000113/asset/rog1580.pdf?v=1&t=hchmhez5&s=87aa18a8bb71d2b7cfd079dd5efa970fd0c8f984%5Cnhttp://doi.wiley.com/10.1029/2002RG000113},
    isbn = {8755-1209},
    doi = {10.1029/2002RG000113},
    issn = {8755-1209}
}

@article{Hunke2011,
    title = {{The multiphase physics of sea ice: a review for model developers}},
    year = {2011},
    journal = {The Cryosphere},
    author = {Hunke, E. C. and Notz, D. and Turner, A. K. and Vancoppenolle, M.},
    number = {4},
    pages = {989--1009},
    volume = {5},
    url = {http://www.the-cryosphere.net/5/989/2011/},
    doi = {10.5194/tc-5-989-2011},
    issn = {1994-0424}
}

@article{peaceman-rachford-55,
    title = {{The numerical solution of parabolic and elliptic differential equations}},
    year = {1955},
    journal = {Journal of the Society for Industrial and Applied Mathematics},
    author = {Peaceman, D W and Rachford Jr, H H},
    number = {1},
    pages = {28--41},
    volume = {3},
    url = {http://dx.doi.org/10.1137/0103003},
    doi = {10.1137/0103003}
}

@article{Official2011,
    title = {{The official magazine of the oceanography society}},
    year = {2011},
    author = {Official, T H E and Of, Magazine and Oceanography, T H E},
    number = {3},
    pages = {202--218},
    volume = {24}
}

@article{D.M.2011,
    title = {{THE OffICIAl MAGAzINE Of THE OCEANOGRAPHY SOCIETY}},
    year = {2011},
    journal = {Oceanography},
    author = {D.M., Anderson and Reguera, B. and Pitcher, G.C. and Enevoldsen, H.O.},
    number = {3},
    pages = {162--173},
    volume = {24},
    url = {http://dx.doi.org/10.5670/oceanog.2011.80.},
    isbn = {1042-8275},
    doi = {10.5670/oceanog.2011.65},
    issn = {10428275},
    pmid = {1000287730}
}

@article{Copley1970,
    title = {{The origin of freckles in unidirectionally solidified castings}},
    year = {1970},
    journal = {Metallurgical Transactions},
    author = {Copley, S M and Giamei, A F and Johnson, S M and Hornbecker, M F},
    number = {8},
    pages = {2193--2204},
    volume = {1},
    url = {http://dx.doi.org/10.1007/BF02643435},
    doi = {10.1007/BF02643435},
    issn = {1543-1916}
}

@article{Wettlaufer1997,
    title = {{The phase evolution of young sea ice}},
    year = {1997},
    journal = {Geophysical Research Letters},
    author = {Wettlaufer, J. S. and Worster, M. G. and Huppert, Herbert E.},
    number = {10},
    pages = {1251},
    volume = {24},
    isbn = {0094-8276},
    doi = {10.1029/97GL00877},
    issn = {0094-8276},
    keywords = {doi:10.1029/9, http://dx.doi.org/10.1029/97GL00877}
}

@article{Tait1992a,
    title = {{The planform of compositional convection and chimney formation in a mushy layer}},
    year = {1992},
    journal = {Letters to Nature},
    author = {Tait, Stephen and Jahrling, Katia and Jaupart, Claude},
    volume = {359}
}

@article{Zehe2010,
    title = {{The principle of 'maximum energy dissipation': a novel thermodynamic perspective on rapid water flow in connected soil structures.}},
    year = {2010},
    journal = {Philosophical transactions of the Royal Society of London. Series B, Biological sciences},
    author = {Zehe, Erwin and Blume, Theresa and Bl{\"{o}}schl, Günter},
    number = {1545},
    pages = {1377--86},
    volume = {365},
    url = {http://www.scopus.com/inward/record.url?eid=2-s2.0-77952366313&partnerID=tZOtx3y1},
    isbn = {0962-8436{\textbackslash}n1471-2970},
    doi = {10.1098/rstb.2009.0308},
    issn = {1471-2970},
    pmid = {20368256},
    keywords = {Animals, Computer Simulation, Ecosystem, Entropy, Filtration, Models, Theoretical, Oligochaeta, Soil, Thermodynamics, Water Movements}
}

@article{Zehe2010b,
    title = {{The principle of 'maximum energy dissipation': a novel thermodynamic perspective on rapid water flow in connected soil structures.}},
    year = {2010},
    journal = {Philosophical transactions of the Royal Society of London. Series B, Biological sciences},
    author = {Zehe, Erwin and Blume, Theresa and Bl{\"{o}}schl, Günter},
    number = {1545},
    pages = {1377--1386},
    volume = {365},
    url = {http://www.scopus.com/inward/record.url?eid=2-s2.0-77952366313%7B&%7DpartnerID=tZOtx3y1},
    isbn = {0962-8436{\$}{\textbackslash}{\$}n1471-2970},
    doi = {10.1098/rstb.2009.0308},
    issn = {1471-2970},
    pmid = {20368256},
    keywords = {Animals, Computer Simulation, Ecosystem, Entropy, Filtration, Models, Oligochaeta, Soil, Theoretical, Thermodynamics, Water Movements}
}

@article{Gewecke2011b,
    title = {{The rapid advance and slow retreat of a mushy zone}},
    year = {2011},
    journal = {Journal of Fluid Mechanics},
    author = {Gewecke, Nicholas R and Schulze, T. P.},
    pages = {1--17},
    volume = {674},
    url = {papers2://publication/doi/10.1017/S0022112011000103},
    doi = {10.1017/S0022112011000103},
    issn = {0022-1120},
    keywords = {melting, solidification}
}

@article{Lieb-Lappen2015,
    title = {{The role of blowing snow in the activation of bromine over first-year Antarctic sea ice}},
    year = {2015},
    journal = {Atmospheric Chemistry and Physics},
    author = {Lieb-Lappen, R. M. and Obbard, R. W.},
    number = {13},
    pages = {7537--7545},
    volume = {15},
    url = {http://www.atmos-chem-phys.net/15/7537/2015/acp-15-7537-2015.html},
    doi = {10.5194/acp-15-7537-2015},
    issn = {1680-7324}
}

@article{Holland2001,
    title = {{The Role of Ice – Ocean Interactions in the Variability of the North Atlantic Thermohaline Circulation}},
    year = {2001},
    journal = {Journal of Climate},
    author = {Holland, Marika and Bitz, Cecilia and Eby, Michael and Weaver, Andrew},
    pages = {656--675},
    volume = {14},
    doi = {10.1175/1520-0442(2001)014<0656:TROIOI>2.0.CO;2},
    issn = {0894-8755}
}

@article{Wettlaufer2000,
    title = {{The solidification of leads: theory, experiment and Field observations}},
    year = {2000},
    journal = {J. Geophys. Res.},
    author = {Wettlaufer, J. S. and Worster, M. G. and Huppert, H E},
    pages = {1123--1134},
    volume = {105}
}

@article{Lorenz2010,
    title = {{The two-box model of climate: limitations and applications to planetary habitability and maximum entropy production studies.}},
    year = {2010},
    journal = {Philosophical transactions of the Royal Society of London. Series B, Biological sciences},
    author = {Lorenz, Ralph D},
    number = {1545},
    pages = {1349--54},
    volume = {365},
    url = {http://rstb.royalsocietypublishing.org/content/365/1545/1349},
    doi = {10.1098/rstb.2009.0312},
    issn = {1471-2970},
    pmid = {20368253},
    keywords = {Climate, Earth (Planet), Entropy, Mars, Models, Saturn, Temperature, Theoretical}
}

@article{Caltagirone1975,
    title = {{Thermoconvective instabilities in a horizontal porous layer}},
    year = {1975},
    journal = {J. Fluid Mech.},
    author = {Caltagirone, J P},
    number = {2},
    pages = {269},
    volume = {72},
    doi = {10.1017/S0022112075003345},
    issn = {0022-1120}
}

@phdthesis{Notz2005,
    title = {{Thermodynamic and fluid-dynamical processes in sea ice}},
    year = {2005},
    booktitle = {University of Cambridge},
    author = {Notz, D.},
    number = {January 2005},
    pages = {238},
    url = {http://mpimet.mpg.de/fileadmin/staff/notzdirk/Notz_PhD_abstract.pdf},
    school = {University of Cambridge}
}

@article{Toggweiler2003,
    title = {{Thermohaline circulation}},
    year = {2003},
    journal = {Encyclopedia of Atmospheric Sciences},
    author = {Toggweiler, J. R. and Key, R. M.},
    pages = {1549–1555},
    isbn = {0262194929},
    doi = {10.1006/rwos.2001.0111},
    issn = {1476-4687},
    pmid = {23739423}
}

@article{Nayar2016,
    title = {{Thermophysical properties of seawater: A review and new correlations that include pressure dependence}},
    year = {2016},
    journal = {Desalination},
    author = {Nayar, Kishor G. and Sharqawy, Mostafa H. and Banchik, Leonardo D. and Lienhard V, John H.},
    pages = {1--24},
    volume = {390},
    publisher = {Elsevier B.V.},
    url = {http://dx.doi.org/10.1016/j.desal.2016.02.024},
    isbn = {00119164},
    doi = {10.1016/j.desal.2016.02.024},
    issn = {00119164},
    keywords = {Activity, Density, Enthalpy, Entropy, Gibbs energy, Isobaric thermal expansivity, Isothermal compressibility, Osmotic coefficient, Seawater, Specific heat capacity, Surface tension, Thermal conductivity, Thermophysical properties}
}

@techreport{Parkinson2017,
    title = {{Transfer of Status : Numerical simulations of sea ice formation and brine transport}},
    year = {2017},
    author = {Parkinson, Jamie},
    pages = {1--72}
}

@article{Clever1974,
    title = {{Transition to time-dependent convection}},
    year = {1974},
    journal = {Journal of Fluid Mechanics},
    author = {Clever, R M and Busse, F H},
    number = {4},
    pages = {625--645},
    volume = {65}
}

@article{Baines1969,
    title = {{Turbulent buoyant convection from a source in a confined region}},
    year = {1969},
    journal = {Journal of Fluid Mechanics},
    author = {Baines, W. D. and Turner, J.S.},
    number = {1},
    pages = {51--80},
    volume = {37}
}

@book{Echekki2011,
    title = {{Turbulent Combustion Modeling}},
    year = {2011},
    booktitle = {Springer Netherlands},
    author = {Echekki, T and Mastorakos, E},
    editor = {T, Echekki and E, Mastorakos},
    publisher = {Springer},
    isbn = {978-94-007-0411-4},
    doi = {10.1007/978-94-007-0412-1},
    issn = {09265112}
}

@article{Toppaladoddi2015,
    title = {{Turbulent Transport Processes at Rough Surfaces with Geophysical Applications}},
    year = {2015},
    journal = {Procedia IUTAM},
    author = {Toppaladoddi, Srikanth and Succi, Sauro and Wettlaufer, J. S.},
    pages = {34--40},
    volume = {15},
    publisher = {Elsevier B.V.},
    url = {http://linkinghub.elsevier.com/retrieve/pii/S2210983815001170},
    doi = {10.1016/j.piutam.2015.04.006},
    issn = {22109838},
    keywords = {rough surfaces, sea ice, turbulence}
}

@article{Turner2013,
    title = {{Two modes of sea-ice gravity drainage: A parameterization for large-scale modeling}},
    year = {2013},
    journal = {Journal of Geophysical Research: Oceans},
    author = {Turner, Adrian K. and Hunke, Elizabeth C. and Bitz, Cecilia M.},
    number = {5},
    pages = {2279--2294},
    volume = {118},
    doi = {10.1002/jgrc.20171},
    issn = {21699291},
    keywords = {brine drainage, sea ice}
}

@article{Turner2013b,
    title = {{Two modes of sea-ice gravity drainage: A parameterization for large-scale modeling}},
    year = {2013},
    journal = {Journal of Geophysical Research: Oceans},
    author = {Turner, A. K. and Hunke, Elizabeth C. and Bitz, Cecilia M.},
    number = {5},
    pages = {2279--2294},
    volume = {118},
    isbn = {2169-9291},
    doi = {10.1002/jgrc.20171},
    issn = {21699291},
    keywords = {brine drainage, sea ice}
}

@article{Courant1928,
    title = {{Uber die partiellen Differenzengleichungen der mathematischen Physik.}},
    year = {1928},
    journal = {Math. Ann.},
    author = {Courant, R and Friedrichs, K and Lewy, H},
    pages = {32--74},
    volume = {100},
    publisher = {Springer, Berlin/Heidelberg},
    doi = {10.1007/BF01448839},
    issn = {0025-5831; 1432-1807/e}
}

@article{Kozeny1927,
    title = {{{\"{U}}ber kapillare Leitung des Wassers im Boden}},
    year = {1927},
    journal = {Akad. Wiss.Wien},
    author = {Kozeny, Josef},
    pages = {271--306},
    volume = {136}
}

@article{MacMackin2016,
    title = {{Understanding the Effect of Seasonal Variability on the Structure of Ice Shelves and Meltwater Plumes Ice Shelves in the Climate System}},
    year = {2016},
    author = {MacMackin, Christopher and Wells, A. J.},
    number = {2016},
    pages = {1--33}
}

@phdthesis{Hitchen2017,
    title = {{Understanding the growth and convective instability of mushy layers , with application to young sea ice}},
    year = {2017},
    author = {Hitchen, Joseph}
}

@article{MIDDLETON2016,
    title = {{Visualizing brine channel development and convective processes during artificial sea-ice growth using Schlieren optical methods}},
    year = {2016},
    journal = {Journal of Glaciology},
    author = {Middleton, C. A. and Thomas, C. and De Wit, A. and Tison, J.-L.},
    number = {231},
    pages = {1--17},
    volume = {62},
    url = {http://www.journals.cambridge.org/abstract_S0022143015000015},
    isbn = {0022143015000},
    doi = {10.1017/jog.2015.1},
    issn = {0022-1430}
}

@article{Abernathey2016,
    title = {{Water-mass transformation by sea ice in the upper branch of the Southern Ocean overturning}},
    year = {2016},
    journal = {Nature Geoscience},
    author = {Abernathey, Ryan P. and Cerovecki, Ivana and Holland, Paul R. and Newsom, Emily and Mazloff, Matt and Talley, Lynne D.},
    url = {http://www.nature.com/doifinder/10.1038/ngeo2749},
    doi = {10.1038/ngeo2749},
    issn = {1752-0894}
}

@article{schulze-worster-99,
    title = {{Weak convection, liquid inclusions and the formation of chimneys in mushy layers}},
    year = {1999},
    journal = {J. Fluid Mech.},
    author = {Schulze, T. P. and Worster, M. G.},
    pages = {197--215},
    volume = {388}
}

@article{Schulze1999,
    title = {{Weak convection, liquid inclusions and the formation of chimneys in mushy layers}},
    year = {1999},
    journal = {J. Fluid Mech.},
    author = {Schulze, T. P. and Worster, M. G. and Grae Worster, M.},
    pages = {197--215},
    volume = {388},
    doi = {10.1017/S0022112099004589},
    issn = {00221120}
}

@article{Anderson1995,
    title = {{Weakly nonlinear analysis of convection in mushy layers during the solidification of binary alloys}},
    year = {1995},
    journal = {Journal of Fluid Mechanics},
    author = {Anderson, D. M. and Worster, M. G.},
    pages = {307--331},
    volume = {302}
}

@article{Rallabandi2017,
    title = {{Wind-Driven Formation of Ice Bridges in Straits}},
    year = {2017},
    journal = {Physical Review Letters},
    author = {Rallabandi, Bhargav and Zheng, Zhong and Winton, Michael and Stone, Howard A.},
    number = {12},
    pages = {128701},
    volume = {118},
    url = {http://link.aps.org/doi/10.1103/PhysRevLett.118.128701},
    doi = {10.1103/PhysRevLett.118.128701},
    issn = {0031-9007}
}

@article{Cottier2007,
    title = {{Wintertime warming of an Arctic shelf in response to large-scale atmospheric circulation}},
    year = {2007},
    journal = {Geophysical Research Letters},
    author = {Cottier, F. R. and Nilsen, F. and Inall, M E and Gerland, S. and Tverberg, V. and Svendsen, H. and Enall, M. E. and Gerland, S. and Tverberg, V. and Svendsen, H.},
    number = {10},
    pages = {1--5},
    volume = {34},
    isbn = {0094-8276},
    doi = {10.1029/2007GL029948},
    issn = {00948276},
    keywords = {Arctic, doi:10.102, doi:10.1029/2007GL029948, http://dx.doi.org/10.1029/2007GL029948, shelf, upwelling}
}

@article{Survey2013,
    title = {{Wintertime Water Mass Modification near an Antarctic Ice Front}},
    year = {2013},
    author = {Survey, British Antarctic and Kingdom, United and Mammal, Sea and Andrews, St and Kingdom, United},
    pages = {359--365},
    doi = {10.1175/JPO-D-12-0186.1}
}

@article{Arthun2013,
    title = {{Wintertime Water Mass Modification near an Antarctic Ice Front}},
    year = {2013},
    journal = {Journal of Physical Oceanography},
    author = {{\AA}rthun, Marius and Nicholls, Keith W. and Boehme, Lars},
    number = {2},
    pages = {359--365},
    volume = {43},
    url = {http://journals.ametsoc.org/doi/abs/10.1175/JPO-D-12-0186.1},
    isbn = {0022-3670{\textbackslash}r1520-0485},
    doi = {10.1175/JPO-D-12-0186.1},
    issn = {0022-3670}
}

@article{Hitchen2014,
    title = {{Working Towards a Model of Convective Stability in Young Sea Ice}},
    year = {2014},
    author = {Hitchen, Joseph}
}

@article{Kozeny1927b,
    title = {{{\{}{\"{U}}{\}}ber kapillare Leitung des Wassers im Boden}},
    year = {1927},
    journal = {Akad. Wiss.Wien},
    author = {Kozeny, Josef},
    pages = {271--306},
    volume = {136}
}

@article{2006Corrigendum,
    title = {{Corrigendum}},
    year = {2006},
    journal = {Journal of Fluid Mechanics},
    number = {-1},
    pages = {442},
    volume = {549},
    url = {http://www.journals.cambridge.org/abstract_S002211200500813X},
    doi = {10.1017/S002211200500813X},
    issn = {0022-1120}
}

@article{2006Corrigendumb,
    title = {{Corrigendum}},
    year = {2006},
    journal = {Journal of Fluid Mechanics},
    number = {-1},
    pages = {442},
    volume = {549},
    url = {http://www.journals.cambridge.org/abstract%7B_%7DS002211200500813X},
    doi = {10.1017/S002211200500813X},
    issn = {0022-1120}
}

@article{DeterminationAnalysis,
    title = {{Determination of Thermal Properties of Fresh Water and Sea Water Ice using Multiphysics Analysis}}
}

@misc{HoPaSa09b.pdf,
    title = {{HoPaSa09b.pdf}},
    isbn = {0021-9630 (Print){\textbackslash}r0021-9630 (Linking)},
    doi = {10.1007/s11947-009-0181-3},
    issn = {1935-5130},
    pmid = {17355401},
    arxivId = {arXiv:1011.1669v3}
}